Timestamp,Side,Price,Amount
1723662931663,sell,58753.99,0.05
1723662931780,buy,58754.0,0.03404
1723662932111,sell,58753.99,0.20843
1723662932111,sell,58753.99,0.39628
1723662932111,sell,58753.98,0.32505
1723662932111,sell,58753.97,0.0085
1723662932111,sell,58753.95,0.00076
1723662932112,sell,58752.98,0.01529
1723662932112,sell,58752.97,0.05839
1723662932113,sell,58752.0,0.00042
1723662932114,sell,58750.0,0.00351
1723662932114,sell,58748.12,0.02554
1723662932114,sell,58748.0,0.00177
1723662932114,sell,58746.02,0.00784
1723662932114,sell,58746.0,0.00485
1723662932114,sell,58746.0,0.02
1723662932114,sell,58746.0,0.06485
1723662932114,sell,58745.94,0.014
1723662932114,sell,58745.25,0.03675
1723662932114,sell,58744.14,0.00597
1723662932114,sell,58744.0,0.03843
1723662932114,sell,58744.0,0.05262
1723662932114,sell,58743.64,0.02738
1723662932135,sell,58746.01,9e-05
1723662932135,sell,58746.01,9e-05
1723662932135,sell,58746.01,9e-05
1723662932135,sell,58746.01,9e-05
1723662932135,sell,58746.01,9e-05
1723662932135,sell,58746.01,9e-05
1723662932135,sell,58746.01,9e-05
1723662932136,sell,58746.01,9e-05
1723662932136,sell,58746.01,9e-05
1723662932136,sell,58746.01,9e-05
1723662932136,sell,58746.01,9e-05
1723662932136,sell,58746.01,9e-05
1723662932136,sell,58746.01,9e-05
1723662932136,sell,58746.01,9e-05
1723662932170,sell,58743.25,0.0239
1723662932174,buy,58743.17,0.03561
1723662932201,sell,58742.0,9e-05
1723662932251,buy,58742.01,0.03624
1723662932320,buy,58742.01,0.03587
1723662932324,sell,58742.0,0.05
1723662932365,buy,58742.01,0.00025
1723662932382,buy,58742.01,0.03657
1723662932399,buy,58742.01,0.03506
1723662932425,buy,58742.0,0.00026
1723662932456,buy,58742.0,0.03668
1723662932546,buy,58742.0,0.03524
1723662932617,buy,58742.0,0.0362
1723662932688,buy,58742.0,0.03679
1723662932782,buy,58742.0,0.03594
1723662932832,buy,58742.0,0.0355
1723662932878,sell,58741.99,0.0235
1723662932878,sell,58741.99,0.50501
1723662932878,sell,58741.95,0.00094
1723662932879,sell,58740.74,0.00042
1723662932879,sell,58740.0,0.16451
1723662932881,sell,58737.02,0.00042
1723662932881,sell,58735.95,0.014
1723662932881,sell,58735.32,0.01
1723662932881,sell,58734.22,0.01361
1723662932881,sell,58734.08,0.00042
1723662932881,sell,58733.99,0.00069
1723662932881,sell,58732.96,9e-05
1723662932881,sell,58732.0,0.00077
1723662932881,sell,58732.0,0.00058
1723662932881,sell,58731.14,0.00042
1723662932881,sell,58730.0,0.09634
1723662932881,sell,58729.94,9e-05
1723662932881,sell,58729.44,0.00597
1723662932881,sell,58729.31,0.00036
1723662932881,sell,58728.21,0.00042
1723662932881,sell,58726.92,9e-05
1723662932881,sell,58726.73,0.0004
1723662932881,sell,58726.5,0.05533
1723662932881,sell,58726.5,0.08
1723662932881,sell,58726.5,0.00644
1723662932881,sell,58726.43,0.01356
1723662932893,buy,58732.39,0.0001
1723662932895,buy,58732.07,0.0355
1723662932947,buy,58732.07,0.03557
1723662932978,buy,58732.07,0.00024
1723662932989,buy,58732.07,0.0009
1723662932997,sell,58732.06,0.05
1723662932997,buy,58732.07,0.03598
1723662933040,buy,58732.07,0.03631
1723662933072,buy,58732.07,0.00036
1723662933155,buy,58732.07,0.03568
1723662933164,buy,58732.07,0.00026
1723662933683,buy,58732.07,0.13273
1723662933912,buy,58732.07,0.0362
1723662934150,sell,58732.06,0.00015
1723662934330,buy,58732.07,0.00022
1723662934331,buy,58732.07,0.00022
1723662934332,buy,58732.07,0.00022
1723662934334,buy,58732.07,0.00036
1723662934335,buy,58732.07,0.00023
1723662934337,buy,58732.07,0.00026
1723662934339,buy,58732.07,0.00022
1723662934339,buy,58732.07,0.00022
1723662934340,buy,58732.07,0.00023
1723662934342,buy,58732.07,0.00022
1723662934374,buy,58732.07,0.00032
1723662934639,buy,58732.07,0.00031
1723662934727,buy,58732.07,0.0004
1723662934830,buy,58732.07,0.0001
1723662935060,buy,58732.07,0.00026
1723662935097,buy,58732.07,0.00064
1723662935142,buy,58732.07,0.01905
1723662935142,buy,58732.1,0.00027
1723662935142,buy,58732.11,0.00153
1723662935142,buy,58732.37,0.00027
1723662935142,buy,58732.38,0.00578
1723662935142,buy,58732.38,0.00019
1723662935142,buy,58733.99,0.00027
1723662935143,buy,58735.32,0.00597
1723662935154,buy,58735.87,0.00026
1723662935178,buy,58735.87,0.01806
1723662935189,buy,58736.0,9e-05
1723662935193,buy,58736.0,0.0178
1723662935286,buy,58736.0,0.00015
1723662935340,buy,58736.0,0.0178
1723662935719,buy,58736.0,0.0017
1723662935776,buy,58736.0,0.01806
1723662935776,buy,58736.0,0.00903
1723662935849,buy,58736.0,0.0017
1723662935982,buy,58736.0,0.0051
1723662936153,sell,58735.99,0.0913
1723662936153,sell,58735.99,0.0913
1723662936153,sell,58735.99,0.23986
1723662936172,sell,58734.0,9e-05
1723662936314,buy,58734.01,0.00148
1723662936453,buy,58734.01,0.00269
1723662936703,buy,58734.01,0.00023
1723662936714,buy,58734.01,0.00022
1723662936729,buy,58734.01,0.0002
1723662936763,buy,58734.01,0.00022
1723662936794,buy,58734.01,0.01806
1723662936834,buy,58734.01,0.01806
1723662936843,buy,58734.01,0.08578
1723662936850,buy,58734.01,0.04879
1723662936852,buy,58736.0,9e-05
1723662936913,buy,58736.0,0.00107
1723662936913,buy,58736.0,0.003
1723662936916,buy,58736.0,0.003
1723662936920,buy,58736.0,0.00042
1723662937067,buy,58736.0,0.029
1723662937156,buy,58736.0,0.04537
1723662937158,buy,58737.01,9e-05
1723662937158,buy,58737.01,9e-05
1723662937158,buy,58737.01,9e-05
1723662937158,buy,58737.01,9e-05
1723662937158,buy,58737.01,6e-05
1723662937158,buy,58737.93,3e-05
1723662937193,buy,58737.93,0.00071
1723662937200,buy,58738.0,9e-05
1723662937379,buy,58738.0,0.00951
1723662937501,buy,58738.0,0.17103
1723662937566,buy,58738.0,0.00105
1723662937735,buy,58738.0,0.13099
1723662937735,buy,58738.01,0.10927
1723662937735,buy,58738.01,0.12029
1723662937735,buy,58738.26,0.00597
1723662937735,buy,58738.88,0.0001
1723662937735,buy,58739.0,9e-05
1723662937779,buy,58741.2,0.00615
1723662937779,buy,58742.02,9e-05
1723662937779,buy,58742.51,0.00042
1723662937779,buy,58742.88,0.00042
1723662937779,buy,58743.81,0.00027
1723662937779,buy,58743.82,0.01
1723662937779,buy,58743.99,0.00027
1723662937779,buy,58744.0,0.00632
1723662937890,sell,58743.99,0.04
1723662937890,sell,58743.99,0.02
1723662937890,sell,58743.99,0.08
1723662937890,sell,58743.99,0.16
1723662937891,sell,58743.99,0.23818
1723662937891,sell,58743.99,0.0097
1723662937891,sell,58743.99,0.40798
1723662937891,sell,58743.99,0.08451
1723662937891,sell,58743.99,0.28128
1723662937891,sell,58743.99,0.05687
1723662937892,sell,58743.99,0.03733
1723662937909,sell,58742.2,0.00013
1723662937909,sell,58742.2,0.00013
1723662937909,sell,58742.2,0.0001
1723662937909,sell,58741.19,3e-05
1723662937909,sell,58741.19,0.00013
1723662937909,sell,58741.19,0.00013
1723662937909,sell,58741.19,0.00013
1723662937909,sell,58741.19,0.00013
1723662937909,sell,58741.19,0.00013
1723662937909,sell,58741.19,0.00013
1723662937909,sell,58741.19,0.00013
1723662937909,sell,58741.19,0.00013
1723662937909,sell,58741.19,0.00013
1723662937909,sell,58741.19,0.00013
1723662937909,sell,58741.19,0.00013
1723662937909,sell,58741.19,0.00013
1723662937909,sell,58741.19,0.00013
1723662937935,sell,58738.13,9e-05
1723662938170,sell,58737.99,9e-05
1723662938171,sell,58737.99,9e-05
1723662938171,sell,58737.99,3e-05
1723662938171,sell,58737.5,6e-05
1723662938173,sell,58737.5,9e-05
1723662938182,buy,58737.51,0.16986
1723662938498,sell,58737.5,0.02
1723662938500,sell,58737.5,0.0017
1723662938565,sell,58737.5,0.03781
1723662938565,sell,58736.66,0.0001
1723662938565,sell,58736.01,0.00027
1723662938565,sell,58736.0,0.00202
1723662938565,sell,58734.01,0.00027
1723662938565,sell,58734.0,0.02953
1723662938566,sell,58734.0,0.06017
1723662938566,sell,58733.67,0.00089
1723662938566,sell,58733.66,0.0009
1723662938566,sell,58733.65,0.00094
1723662938566,sell,58733.62,0.00034
1723662938566,sell,58732.47,0.00027
1723662938566,sell,58732.46,0.01649
1723662938580,buy,58732.47,0.00202
1723662938595,sell,58732.46,0.017
1723662938614,sell,58732.46,0.017
1723662938718,buy,58732.47,0.14959
1723662938759,buy,58732.47,0.08647
1723662938762,buy,58732.47,0.00018
1723662938790,buy,58732.47,0.0127
1723662938792,buy,58733.48,9e-05
1723662938792,buy,58733.48,9e-05
1723662938792,buy,58733.48,9e-05
1723662938792,buy,58733.48,9e-05
1723662938792,buy,58733.49,0.00027
1723662938803,buy,58733.99,0.00018
1723662938810,buy,58734.0,9e-05
1723662939562,buy,58734.0,0.00014
1723662939629,sell,58733.99,0.02
1723662939629,sell,58733.99,0.08
1723662939629,sell,58733.99,0.04
1723662939630,sell,58733.99,0.05171
1723662939633,sell,58733.48,0.00018
1723662939643,sell,58732.24,9e-05
1723662939645,sell,58732.24,0.00033
1723662939657,sell,58732.0,0.00052
1723662939657,sell,58732.0,0.00052
1723662939657,sell,58732.0,0.00052
1723662939657,sell,58732.0,0.00052
1723662939657,sell,58732.0,0.00052
1723662939657,sell,58732.0,1e-05
1723662939657,sell,58728.22,0.00051
1723662939695,buy,58728.23,0.00041
1723662939696,buy,58728.23,0.00045
1723662939697,buy,58728.23,0.00047
1723662939698,buy,58728.23,0.0004
1723662939699,buy,58728.23,0.00051
1723662939699,buy,58728.23,0.00043
1723662939700,buy,58728.23,0.00043
1723662939700,buy,58728.23,0.00045
1723662939700,buy,58728.23,0.00047
1723662939700,buy,58728.23,0.00035
1723662939701,buy,58728.23,0.00047
1723662939701,buy,58728.23,0.00047
1723662939701,buy,58728.23,0.00039
1723662939702,buy,58728.23,0.00041
1723662939702,buy,58728.23,0.00047
1723662939702,buy,58728.23,0.00039
1723662939702,buy,58728.23,0.00047
1723662939703,buy,58728.23,0.00047
1723662939705,buy,58728.23,0.00047
1723662939706,buy,58728.23,0.00047
1723662939706,buy,58728.23,0.00047
1723662939706,buy,58728.23,0.00044
1723662939707,buy,58728.23,0.00047
1723662939709,buy,58728.23,0.00047
1723662939711,buy,58728.23,0.00043
1723662939711,buy,58728.23,0.00047
1723662939713,buy,58728.23,0.00046
1723662939716,buy,58728.23,0.00048
1723662939723,buy,58728.23,0.00045
1723662939723,buy,58728.23,0.0004
1723662939724,buy,58728.23,0.0005
1723662939726,buy,58728.23,0.00047
1723662939727,buy,58728.23,0.00047
1723662939727,buy,58728.23,0.00043
1723662939728,buy,58728.23,0.00047
1723662939729,buy,58728.23,0.00043
1723662939731,buy,58728.23,0.00034
1723662939731,buy,58728.23,0.00039
1723662939731,buy,58728.23,0.0004
1723662939732,buy,58728.23,0.0004
1723662939732,buy,58728.23,0.00051
1723662939732,buy,58728.23,0.05
1723662939732,buy,58728.23,0.00046
1723662939733,buy,58728.23,0.0005
1723662939733,buy,58728.23,0.00039
1723662939735,buy,58728.23,0.00063
1723662939736,buy,58728.23,0.00068
1723662939738,buy,58728.23,0.00045
1723662939738,buy,58728.23,0.00049
1723662939738,buy,58728.23,0.00047
1723662939738,buy,58728.23,0.00045
1723662939738,buy,58728.23,0.00057
1723662939740,buy,58728.23,0.00067
1723662939740,buy,58728.23,0.00066
1723662939740,buy,58728.23,0.00063
1723662939744,buy,58728.23,0.00044
1723662939744,buy,58728.23,0.00075
1723662939746,buy,58728.23,0.00043
1723662939752,buy,58728.23,0.0004
1723662939752,buy,58728.23,0.0004
1723662939756,buy,58728.23,0.00047
1723662939757,buy,58728.23,0.00046
1723662939758,buy,58728.23,0.00047
1723662939758,buy,58728.23,0.0005
1723662939758,buy,58728.23,0.00043
1723662939758,buy,58728.23,0.00046
1723662939759,buy,58728.23,0.00047
1723662939764,buy,58728.23,0.00043
1723662939766,buy,58728.23,0.00038
1723662939768,buy,58728.23,0.00041
1723662939770,buy,58728.23,0.00052
1723662939770,buy,58728.23,0.00035
1723662939772,buy,58728.23,0.00067
1723662939772,buy,58728.23,0.0004
1723662939773,buy,58728.23,0.00049
1723662939774,buy,58728.23,0.00067
1723662939777,buy,58728.23,0.00045
1723662939777,buy,58728.23,0.00067
1723662939778,buy,58728.23,0.00045
1723662939778,buy,58728.23,0.00057
1723662939778,buy,58728.23,0.00047
1723662939784,buy,58728.23,0.00045
1723662939785,buy,58728.23,0.00074
1723662939787,buy,58728.23,0.0004
1723662939787,buy,58728.23,0.00047
1723662939787,buy,58728.23,0.00049
1723662939788,buy,58728.23,0.00047
1723662939790,buy,58728.23,0.00046
1723662939791,buy,58728.23,0.00047
1723662939791,buy,58728.23,0.00043
1723662939792,buy,58728.23,0.00039
1723662939793,buy,58728.23,0.00046
1723662939793,buy,58728.23,0.00041
1723662939793,buy,58728.23,0.00043
1723662939794,buy,58728.23,0.0005
1723662939797,buy,58728.23,0.00051
1723662939799,buy,58728.23,0.00038
1723662939799,buy,58728.23,0.00041
1723662939800,buy,58728.23,0.00066
1723662939800,buy,58728.23,0.00067
1723662939801,buy,58728.23,0.00063
1723662939801,buy,58728.23,0.00042
1723662939802,buy,58728.23,0.00049
1723662939802,buy,58728.23,0.00067
1723662939805,buy,58728.23,0.00057
1723662939808,buy,58728.23,0.00045
1723662939808,buy,58728.23,0.00047
1723662939810,buy,58728.23,0.00045
1723662939811,buy,58728.23,0.00074
1723662939811,buy,58728.23,0.00047
1723662939814,buy,58728.23,0.00049
1723662939814,buy,58728.23,0.00041
1723662939814,buy,58728.23,0.00047
1723662939815,buy,58728.23,0.00047
1723662939816,buy,58728.23,0.00044
1723662939817,buy,58728.23,0.00047
1723662939817,buy,58728.23,0.00043
1723662939818,buy,58728.23,0.0004
1723662939818,buy,58728.23,0.00047
1723662939821,buy,58728.23,0.00046
1723662939824,buy,58728.23,0.00045
1723662939825,buy,58728.23,0.00039
1723662939825,buy,58728.23,0.00035
1723662939826,buy,58728.23,0.00039
1723662939826,buy,58728.23,0.00047
1723662939827,buy,58728.23,0.00043
1723662939827,buy,58728.23,0.00047
1723662939827,buy,58728.23,0.00048
1723662939828,buy,58728.23,0.0004
1723662939829,buy,58728.23,0.00068
1723662939831,buy,58728.23,0.00049
1723662939835,buy,58728.23,0.00057
1723662939838,buy,58728.23,0.00043
1723662939838,buy,58728.23,0.00075
1723662939839,buy,58728.23,0.00066
1723662939839,buy,58728.23,0.00063
1723662939841,buy,58728.23,0.0005
1723662939842,buy,58728.23,0.00054
1723662939842,buy,58728.23,0.00045
1723662939843,buy,58728.23,0.00047
1723662939843,buy,58728.23,0.0004
1723662939846,buy,58728.23,0.00045
1723662939846,buy,58728.23,0.00049
1723662939849,buy,58728.23,0.00041
1723662939849,buy,58728.23,0.00063
1723662939851,buy,58728.23,0.00047
1723662939852,buy,58728.23,0.00047
1723662939852,buy,58728.23,0.00066
1723662939852,buy,58728.23,0.00043
1723662939853,buy,58728.23,0.00039
1723662939855,buy,58728.23,0.00046
1723662939855,buy,58728.23,0.00046
1723662939856,buy,58728.23,0.00043
1723662939857,buy,58728.23,0.00051
1723662939857,buy,58728.23,0.00067
1723662939857,buy,58728.23,0.00041
1723662939858,buy,58728.23,0.00039
1723662939861,buy,58728.23,0.00035
1723662939864,buy,58728.23,0.00047
1723662940156,buy,58728.23,0.00026
1723662940215,sell,58728.22,0.00041
1723662940494,buy,58728.23,0.10122
1723662940834,sell,58728.22,0.00041
1723662940837,sell,58728.22,0.00036
1723662940848,sell,58728.22,0.00021
1723662940849,sell,58728.22,0.00041
1723662940850,sell,58728.22,0.00028
1723662940850,sell,58728.22,0.0002
1723662940852,sell,58728.22,0.00041
1723662940853,sell,58728.22,0.00045
1723662940857,sell,58728.22,0.00046
1723662940857,sell,58728.22,0.00029
1723662940858,sell,58728.22,0.00023
1723662940858,sell,58728.22,0.00031
1723662940859,sell,58728.22,0.00043
1723662940859,sell,58728.22,0.00042
1723662940863,sell,58728.22,0.00045
1723662940929,buy,58728.23,0.00022
1723662940929,buy,58728.23,0.00022
1723662940929,buy,58728.23,0.00022
1723662940930,buy,58728.23,0.00022
1723662940930,buy,58728.23,0.00022
1723662940930,buy,58728.23,0.00022
1723662940931,buy,58728.23,0.00022
1723662940933,buy,58728.23,0.00022
1723662940934,buy,58728.23,0.00094
1723662940934,buy,58728.23,0.001
1723662940934,buy,58728.23,0.0012
1723662940935,buy,58728.23,0.00102
1723662940935,buy,58728.23,0.00099
1723662940937,buy,58728.23,0.00098
1723662940938,buy,58728.23,0.00098
1723662940940,buy,58728.23,0.00094
1723662940940,buy,58728.23,0.00107
1723662940940,buy,58728.23,0.00102
1723662940941,buy,58728.23,0.001
1723662940943,buy,58728.23,0.00068
1723662940997,buy,58728.23,0.00036
1723662940999,buy,58728.23,0.00094
1723662940999,buy,58728.23,0.00022
1723662941026,buy,58728.23,0.00094
1723662941027,buy,58728.23,0.001
1723662941028,buy,58728.23,0.00102
1723662941028,buy,58728.23,0.0012
1723662941031,buy,58728.23,0.00099
1723662941039,buy,58728.23,0.001
1723662941039,buy,58728.23,0.00102
1723662941039,buy,58728.23,0.00094
1723662941046,buy,58728.23,0.0008
1723662941177,buy,58728.23,0.09057
1723662941177,buy,58729.4,0.00027
1723662941177,buy,58729.44,0.00597
1723662941181,buy,58731.87,9e-05
1723662941202,buy,58731.87,0.00022
1723662941202,buy,58731.87,0.00022
1723662941202,buy,58731.87,0.00022
1723662941202,buy,58731.87,0.00022
1723662941202,buy,58731.87,0.00022
1723662941208,buy,58731.87,0.00022
1723662941208,buy,58731.87,0.00022
1723662941208,buy,58731.87,0.00022
1723662941209,buy,58731.87,0.001
1723662941222,buy,58732.38,9e-05
1723662941228,buy,58732.38,0.00103
1723662941229,buy,58732.38,0.00094
1723662941230,buy,58732.38,0.00098
1723662941230,buy,58732.38,0.00068
1723662941232,buy,58732.38,0.00045
1723662941232,buy,58732.38,0.00045
1723662941232,buy,58732.38,0.00045
1723662941233,buy,58732.38,0.00045
1723662941233,buy,58732.38,0.00045
1723662941248,buy,58733.5,0.00022
1723662941248,buy,58733.5,0.00022
1723662941248,buy,58733.5,0.00022
1723662941248,buy,58733.5,0.00022
1723662941248,buy,58733.5,0.00022
1723662941248,buy,58733.5,0.00022
1723662941248,buy,58733.5,0.00022
1723662941248,buy,58733.5,0.00022
1723662941249,buy,58733.5,0.00022
1723662941249,buy,58733.5,0.00022
1723662941249,buy,58733.5,0.00022
1723662941250,buy,58733.5,0.00022
1723662941250,buy,58733.5,0.00022
1723662941252,buy,58733.5,0.00022
1723662941253,buy,58733.5,0.00022
1723662941253,buy,58733.5,0.00022
1723662941254,buy,58733.5,0.00022
1723662941254,buy,58733.5,0.00022
1723662941254,buy,58733.5,0.00022
1723662941258,buy,58733.5,0.00023
1723662941261,buy,58733.5,0.00053
1723662941261,buy,58733.5,0.00055
1723662941261,buy,58733.5,0.00066
1723662941261,buy,58733.5,0.00059
1723662941262,buy,58733.5,0.00065
1723662941262,buy,58733.5,0.00073
1723662941262,buy,58733.5,0.00021
1723662941263,buy,58733.5,0.00022
1723662941278,buy,58733.5,0.00032
1723662941281,buy,58733.5,0.00019
1723662941284,buy,58733.55,0.0001
1723662941284,buy,58733.99,0.00018
1723662941284,buy,58733.99,0.00028
1723662941284,buy,58733.99,0.00028
1723662941284,buy,58733.99,0.0002
1723662941284,buy,58734.07,8e-05
1723662941284,buy,58734.07,0.00028
1723662941285,buy,58734.07,6e-05
1723662941285,buy,58734.32,0.00022
1723662941285,buy,58734.32,0.00028
1723662941285,buy,58734.32,0.00028
1723662941285,buy,58734.32,9e-05
1723662941285,buy,58735.0,0.00019
1723662941567,buy,58735.0,0.03458
1723662941567,buy,58735.01,0.0497
1723662941567,buy,58735.32,0.00579
1723662941569,buy,58735.32,0.00018
1723662941569,buy,58736.0,0.00013
1723662941569,buy,58736.0,0.00031
1723662941569,buy,58736.0,0.00031
1723662941569,buy,58736.0,0.00031
1723662941569,buy,58736.0,0.00024
1723662941569,buy,58738.0,7e-05
1723662941646,buy,58738.26,9e-05
1723662941659,buy,58738.32,0.00018
1723662941662,buy,58738.33,9e-05
1723662941770,buy,58738.33,0.02545
1723662941772,buy,58739.0,9e-05
1723662941772,buy,58739.94,8e-05
1723662941772,buy,58739.94,0.00017
1723662941772,buy,58739.94,0.00017
1723662941772,buy,58740.0,0.00017
1723662941772,buy,58740.0,0.00016
1723662941772,buy,58741.2,1e-05
1723662942054,sell,58741.19,0.00116
1723662942077,buy,58741.2,0.00583
1723662942079,buy,58741.2,0.00031
1723662942082,sell,58741.98,0.00023
1723662942084,sell,58741.98,0.00022
1723662942084,sell,58741.98,0.00019
1723662942087,buy,58742.0,9e-05
1723662942124,sell,58741.99,0.00022
1723662942213,buy,58742.0,0.08961
1723662942213,buy,58742.02,9e-05
1723662942213,buy,58743.76,0.00042
1723662942213,buy,58743.99,0.00027
1723662942213,buy,58744.0,0.07983
1723662942323,buy,58744.0,0.00084
1723662942323,buy,58744.0,0.00084
1723662942323,buy,58744.0,0.00084
1723662942323,buy,58744.0,0.00084
1723662942323,buy,58744.0,0.00084
1723662942324,buy,58744.0,2e-05
1723662942324,buy,58744.14,0.00082
1723662942357,buy,58744.14,0.00258
1723662942360,buy,58744.14,0.00053
1723662942360,buy,58744.14,0.00053
1723662942360,buy,58744.14,0.00053
1723662942360,buy,58744.14,0.00053
1723662942360,buy,58744.14,0.00045
1723662942360,buy,58745.04,8e-05
1723662942360,buy,58745.04,1e-05
1723662942360,buy,58745.56,0.00052
1723662942360,buy,58745.56,0.00036
1723662942379,buy,58745.73,0.00018
1723662942380,buy,58745.74,9e-05
1723662942383,buy,58745.74,0.00991
1723662942383,buy,58745.82,0.00042
1723662942383,buy,58745.99,0.00027
1723662942383,buy,58746.0,0.04051
1723662942407,buy,58746.29,9e-05
1723662942407,buy,58746.29,9e-05
1723662942407,buy,58746.38,9e-05
1723662942418,buy,58746.38,0.026
1723662942525,buy,58747.08,9e-05
1723662943002,buy,58747.08,0.0851
1723662943183,sell,58747.07,0.05916
1723662943190,sell,58747.07,0.002
1723662943191,sell,58747.07,0.002
1723662943191,sell,58747.07,0.004
1723662943191,sell,58747.07,0.004
1723662943191,sell,58747.07,0.002
1723662943191,sell,58747.07,0.006
1723662943214,sell,58747.07,0.04638
1723662943214,sell,58747.04,0.00027
1723662943214,sell,58747.03,0.0034
1723662943214,sell,58746.38,0.00063
1723662943234,sell,58742.0,9e-05
1723662943301,buy,58742.01,0.00155
1723662943448,buy,58742.01,0.00026
1723662943448,sell,58741.99,9e-05
1723662943676,sell,58741.99,0.00562
1723662943953,sell,58741.99,0.01735
1723662943953,sell,58741.24,0.00027
1723662943953,sell,58741.23,0.05851
1723662943953,sell,58741.21,0.00387
1723662943953,sell,58741.21,0.02167
1723662943953,sell,58740.0,0.00082
1723662943953,sell,58738.01,0.00027
1723662943953,sell,58738.0,0.0897
1723662943953,sell,58737.69,0.04754
1723662943953,sell,58737.69,0.02
1723662943953,sell,58737.69,0.03323
1723662943953,sell,58737.49,0.00013
1723662943953,sell,58737.02,0.00042
1723662943953,sell,58737.01,0.00622
1723662943964,sell,58736.16,0.0001
1723662944042,sell,58736.01,0.00018
1723662944042,sell,58736.0,9e-05
1723662944122,sell,58736.0,0.0001
1723662944313,sell,58736.0,0.00201
1723662944313,sell,58734.01,0.00027
1723662944835,sell,58734.0,0.00126
1723662944862,buy,58734.01,0.01361
1723662945903,buy,58734.01,0.00031
1723662946105,buy,58734.01,0.00064
1723662946281,sell,58734.0,0.00513
1723662946434,buy,58734.01,0.00067
1723662946703,buy,58734.01,0.00085
1723662946976,buy,58734.01,0.003
1723662947223,sell,58734.0,0.00205
1723662947773,buy,58734.01,0.00099
1723662947985,sell,58734.0,0.00084
1723662948002,sell,58734.0,0.2136
1723662948167,buy,58734.01,0.22759
1723662948305,buy,58734.01,0.00577
1723662948305,buy,58734.34,0.00027
1723662948305,buy,58734.35,0.00094
1723662948305,buy,58734.65,0.00027
1723662948305,buy,58734.66,0.00087
1723662948305,buy,58735.32,0.00027
1723662948305,buy,58735.33,0.00111
1723662948305,buy,58735.34,0.00027
1723662948305,buy,58735.35,0.00179
1723662948305,buy,58735.41,0.00034
1723662948305,buy,58735.99,0.00027
1723662948305,buy,58736.0,0.00508
1723662948337,buy,58736.99,0.00027
1723662948338,buy,58737.99,0.00027
1723662948339,buy,58739.28,9e-05
1723662948345,buy,58739.28,1e-05
1723662948353,buy,58739.29,9e-05
1723662948353,buy,58739.86,9e-05
1723662948361,buy,58739.87,9e-05
1723662948450,sell,58739.86,0.00201
1723662948496,buy,58739.87,0.0211
1723662948496,buy,58739.87,0.00435
1723662948496,buy,58739.94,0.00042
1723662948497,buy,58741.2,0.00018
1723662948497,buy,58741.99,0.00027
1723662948497,buy,58742.0,0.01702
1723662948497,buy,58742.02,9e-05
1723662948498,buy,58742.88,9e-05
1723662948502,buy,58742.88,0.00033
1723662948509,buy,58742.89,9e-05
1723662948509,buy,58743.99,0.00027
1723662948521,buy,58744.0,0.00015
1723662948521,buy,58744.0,0.00015
1723662948521,buy,58744.0,0.00015
1723662948521,buy,58744.0,0.00015
1723662948521,buy,58744.0,7e-05
1723662948521,buy,58745.04,8e-05
1723662948521,buy,58745.04,1e-05
1723662948521,buy,58745.3,0.00014
1723662948533,buy,58745.82,0.00042
1723662948533,buy,58745.99,0.00027
1723662948537,sell,58745.99,0.01472
1723662948539,sell,58745.99,0.01472
1723662948539,sell,58745.99,0.01472
1723662948691,buy,58746.0,0.00403
1723662948964,buy,58746.0,0.00851
1723662949095,sell,58745.99,0.0049
1723662949099,sell,58745.99,0.00765
1723662949100,sell,58745.99,0.00022
1723662949100,sell,58745.99,0.00022
1723662949100,sell,58745.99,0.00022
1723662949100,sell,58745.99,0.00022
1723662949100,sell,58745.99,0.00022
1723662949100,sell,58745.99,0.00022
1723662949100,sell,58745.99,0.00022
1723662949100,sell,58745.99,0.00022
1723662949100,sell,58745.99,0.00022
1723662949100,sell,58745.99,0.00022
1723662949101,sell,58745.99,0.00022
1723662949101,sell,58745.99,0.00022
1723662949101,sell,58745.99,0.00022
1723662949101,sell,58745.99,0.00022
1723662949101,sell,58745.99,0.00022
1723662949102,sell,58745.99,0.00022
1723662949102,sell,58745.99,0.00022
1723662949103,sell,58745.99,0.00022
1723662949104,sell,58745.99,0.00022
1723662949104,sell,58745.99,0.00022
1723662949105,sell,58745.99,0.00022
1723662949105,sell,58745.99,0.00022
1723662949105,sell,58745.99,0.00022
1723662949106,buy,58746.0,0.00054
1723662949106,sell,58745.99,0.00022
1723662949108,sell,58745.99,0.00039
1723662949111,sell,58745.99,0.00022
1723662949114,sell,58745.99,0.00059
1723662949130,sell,58745.99,0.00022
1723662949131,sell,58745.99,0.00048
1723662949131,sell,58745.99,0.00022
1723662949132,sell,58745.99,0.00022
1723662949133,sell,58745.99,0.00022
1723662949133,sell,58745.99,0.00043
1723662949134,sell,58745.99,0.00037
1723662949380,buy,58746.0,0.00171
1723662949581,buy,58746.0,0.18624
1723662949581,buy,58746.02,0.00027
1723662949581,buy,58746.03,0.02799
1723662949581,buy,58746.03,0.01776
1723662949582,buy,58746.03,0.038
1723662949588,buy,58747.99,0.00018
1723662949598,buy,58747.99,9e-05
1723662949600,buy,58748.06,9e-05
1723662949601,buy,58750.0,9e-05
1723662949650,buy,58751.08,9e-05
1723662949650,buy,58751.69,1e-05
1723662949650,buy,58751.69,0.0001
1723662949650,buy,58751.69,0.0001
1723662949650,buy,58751.69,0.0001
1723662949650,buy,58751.69,0.0001
1723662949650,buy,58751.69,1e-05
1723662949650,buy,58752.0,9e-05
1723662949844,buy,58752.96,9e-05
1723662949850,buy,58752.96,9e-05
1723662949850,buy,58752.96,9e-05
1723662949850,buy,58752.96,9e-05
1723662949850,buy,58752.96,9e-05
1723662949850,buy,58752.96,9e-05
1723662949850,buy,58752.96,9e-05
1723662949850,buy,58752.96,9e-05
1723662949851,buy,58752.96,9e-05
1723662949851,buy,58752.96,9e-05
1723662949851,buy,58752.96,9e-05
1723662949851,buy,58752.96,9e-05
1723662949851,buy,58752.96,9e-05
1723662949851,buy,58752.96,9e-05
1723662949851,buy,58752.96,9e-05
1723662949919,buy,58752.96,0.00034
1723662950012,buy,58752.96,0.0002
1723662950278,sell,58752.95,0.00022
1723662950763,buy,58752.96,0.0011
1723662950914,sell,58752.95,0.00336
1723662950974,buy,58752.96,0.00071
1723662951320,sell,58752.95,0.00013
1723662951706,buy,58752.96,0.03726
1723662951715,buy,58752.96,0.09728
1723662951746,buy,58752.96,0.0327
1723662951746,buy,58752.97,0.06784
1723662951777,buy,58752.97,0.02848
1723662951777,buy,58754.09,9e-05
1723662951779,buy,58754.09,0.00012
1723662951779,buy,58754.09,0.00012
1723662951779,buy,58754.09,3e-05
1723662951779,buy,58754.1,9e-05
1723662951779,buy,58755.75,0.00012
1723662951779,buy,58755.75,0.00012
1723662951779,buy,58755.75,0.00012
1723662951779,buy,58755.75,6e-05
1723662951779,buy,58757.12,6e-05
1723662951779,buy,58757.12,3e-05
1723662951779,buy,58757.23,9e-05
1723662951784,buy,58757.57,0.00042
1723662951852,buy,58757.82,0.00022
1723662951852,buy,58757.82,0.00022
1723662951852,buy,58757.82,0.00022
1723662951852,buy,58757.82,0.00022
1723662951852,buy,58757.82,0.00022
1723662951852,buy,58757.82,1e-05
1723662951852,buy,58758.0,0.00021
1723662951932,buy,58758.27,0.0001
1723662951932,buy,58758.28,9e-05
1723662951940,sell,58759.98,0.00383
1723662952002,buy,58760.0,0.00042
1723662952002,buy,58760.0,0.00042
1723662952002,buy,58760.0,0.00042
1723662952002,buy,58760.0,0.00035
1723662952002,buy,58760.14,7e-05
1723662952002,buy,58760.14,2e-05
1723662952002,buy,58760.5,0.0004
1723662952002,buy,58760.5,2e-05
1723662952002,buy,58760.98,0.0001
1723662952002,buy,58763.16,9e-05
1723662952002,buy,58763.44,0.00021
1723662952007,buy,58764.0,9e-05
1723662952187,buy,58764.0,0.00055
1723662952504,buy,58764.0,0.09045
1723662952522,buy,58764.0,0.00038
1723662952522,buy,58764.0,9e-05
1723662952529,buy,58764.0,7e-05
1723662952529,buy,58764.01,2e-05
1723662952534,buy,58764.01,0.09989
1723662952565,buy,58764.01,0.06665
1723662952565,buy,58764.58,0.00027
1723662952565,buy,58764.59,0.00084
1723662952568,buy,58764.59,9e-05
1723662952568,buy,58764.59,9e-05
1723662952568,buy,58764.59,9e-05
1723662952568,buy,58766.0,9e-05
1723662952575,buy,58766.18,9e-05
1723662952578,buy,58766.36,9e-05
1723662952578,buy,58766.38,0.00042
1723662952592,buy,58768.0,9e-05
1723662952649,buy,58768.0,0.0002
1723662952649,buy,58768.0,0.0002
1723662952649,buy,58768.0,3e-05
1723662952649,buy,58769.2,9e-05
1723662952649,buy,58769.75,8e-05
1723662952649,buy,58769.75,0.0002
1723662952649,buy,58769.75,0.00014
1723662952649,buy,58772.0,6e-05
1723662952850,buy,58772.0,0.00085
1723662953004,sell,58771.99,0.0864
1723662953228,sell,58771.99,0.12757
1723662953229,sell,58771.3,0.00027
1723662953229,sell,58771.29,0.0621
1723662953229,sell,58771.29,0.0479
1723662953229,sell,58770.61,0.02805
1723662953231,sell,58770.61,0.02
1723662953231,sell,58770.61,0.01113
1723662953231,sell,58769.75,0.00027
1723662953231,sell,58769.74,0.0286
1723662953242,sell,58768.0,0.00036
1723662953242,sell,58766.0,0.00057
1723662953271,sell,58766.0,0.00032
1723662953272,sell,58766.0,0.00032
1723662953272,sell,58766.0,0.00032
1723662953272,sell,58766.0,0.00032
1723662953272,sell,58766.0,0.00032
1723662953272,sell,58764.74,0.00032
1723662953486,sell,58764.73,9e-05
1723662953565,buy,58764.74,0.01446
1723662953625,buy,58764.74,0.05187
1723662953713,buy,58764.74,0.00085
1723662954050,sell,58764.73,0.002
1723662954115,sell,58764.73,0.004
1723662954152,sell,58764.73,0.04
1723662954152,sell,58764.73,0.02
1723662954153,sell,58764.73,0.01111
1723662954153,sell,58764.65,0.00027
1723662954153,sell,58764.64,0.00094
1723662954153,sell,58764.34,0.00027
1723662954153,sell,58764.33,0.04821
1723662954156,sell,58764.33,0.0075
1723662954156,sell,58764.33,0.00323
1723662954156,sell,58764.32,0.00087
1723662954156,sell,58764.26,0.00027
1723662954156,sell,58764.25,0.00111
1723662954156,sell,58764.01,0.00027
1723662954156,sell,58764.0,0.0029
1723662954156,sell,58763.99,0.00245
1723662954156,sell,58763.99,0.00244
1723662954156,sell,58763.61,0.0009
1723662954156,sell,58763.56,0.00034
1723662954156,sell,58763.3,0.00027
1723662954156,sell,58763.29,0.02445
1723662954158,sell,58763.29,0.00073
1723662954163,sell,58760.23,9e-05
1723662955509,buy,58760.24,0.00049
1723662956288,sell,58760.23,0.00834
1723662956814,buy,58760.24,0.01184
1723662957057,buy,58760.24,0.00021
1723662957057,buy,58760.24,0.00021
1723662957057,buy,58760.24,0.00021
1723662957057,buy,58760.24,0.00021
1723662957057,buy,58760.24,0.00014
1723662957057,buy,58760.28,7e-05
1723662957057,buy,58760.28,0.00021
1723662957057,buy,58760.28,5e-05
1723662957057,buy,58761.5,0.00016
1723662957090,buy,58761.5,0.00042
1723662957562,buy,58761.5,0.0009
1723662957712,sell,58761.49,0.1681
1723662958112,sell,58761.49,0.01505
1723662958927,buy,58761.5,0.00411
1723662959138,sell,58761.49,0.025
1723662959242,buy,58762.0,9e-05
1723662959553,buy,58764.0,0.00058
1723662959579,buy,58764.59,0.00031
1723662959579,buy,58764.59,0.00031
1723662959579,buy,58764.59,0.00031
1723662959579,buy,58764.59,0.00018
1723662959579,buy,58764.72,0.00013
1723662959579,buy,58764.72,5e-05
1723662959579,buy,58766.0,0.00026
1723662959610,buy,58766.38,0.00026
1723662959610,buy,58766.38,0.00016
1723662959610,buy,58767.1,0.0001
1723662959610,buy,58767.1,0.00026
1723662959610,buy,58767.1,0.00026
1723662959610,buy,58767.1,0.00026
1723662959610,buy,58767.37,0.00026
1723662959646,buy,58768.0,9e-05
1723662960192,buy,58768.0,0.00149
1723662960385,buy,58768.0,0.03403
1723662960602,buy,58768.0,0.00166
1723662960628,sell,58767.99,0.004
1723662961006,sell,58767.99,0.00034
1723662961006,sell,58767.99,0.00034
1723662961455,sell,58767.99,0.01316
1723662961674,buy,58768.0,0.00145
1723662961710,buy,58768.0,0.00013
1723662961827,buy,58768.0,0.00084
1723662961934,buy,58768.0,0.01458
1723662961934,buy,58768.03,0.00027
1723662961934,buy,58768.04,0.00165
1723662961935,buy,58768.04,0.00017
1723662961937,buy,58770.6,9e-05
1723662962081,buy,58771.3,9e-05
1723662962815,sell,58771.29,0.08404
1723662963139,buy,58771.3,0.00051
1723662963335,sell,58771.29,0.01294
1723662963700,buy,58771.3,0.00085
1723662963760,buy,58771.3,0.01686
1723662963997,sell,58771.29,0.00068
1723662964579,buy,58771.3,0.008
1723662964579,buy,58771.3,0.02907
1723662964579,buy,58771.33,0.00027
1723662964579,buy,58771.34,0.00184
1723662964579,buy,58771.99,0.00042
1723662964579,buy,58772.26,0.00042
1723662964585,buy,58773.99,0.00018
1723662964593,buy,58774.94,0.00021
1723662964593,buy,58774.94,0.00021
1723662964593,buy,58774.94,0.00021
1723662964594,buy,58774.94,0.00021
1723662964594,buy,58774.94,3e-05
1723662964594,buy,58775.99,0.00017
1723662964594,buy,58776.0,1e-05
1723662964637,buy,58776.0,0.00043
1723662964637,buy,58776.0,0.00043
1723662964637,buy,58776.0,0.00043
1723662964637,buy,58776.0,0.00043
1723662964637,buy,58776.0,0.00035
1723662964637,buy,58776.23,8e-05
1723662964637,buy,58776.23,2e-05
1723662964637,buy,58776.48,0.00041
1723662964782,buy,58778.13,9e-05
1723662964782,buy,58778.13,9e-05
1723662964782,buy,58778.13,9e-05
1723662964782,buy,58778.13,9e-05
1723662964782,buy,58778.13,6e-05
1723662964782,buy,58779.31,3e-05
1723662964838,buy,58779.31,0.00179
1723662964990,buy,58779.31,0.00255
1723662965006,buy,58780.0,9e-05
1723662965094,buy,58780.0,0.01082
1723662965193,buy,58780.0,0.0017
1723662965233,buy,58780.0,0.0003
1723662965233,buy,58781.58,1e-05
1723662965233,buy,58781.58,0.00031
1723662965233,buy,58781.58,2e-05
1723662965233,buy,58781.63,0.00029
1723662965233,buy,58781.63,0.00031
1723662965233,buy,58781.63,0.0003
1723662965233,buy,58782.36,1e-05
1723662965581,buy,58782.37,9e-05
1723662965944,sell,58782.36,0.00184
1723662966200,buy,58782.37,0.00081
1723662966377,buy,58782.37,0.001
1723662966502,buy,58782.37,0.08278
1723662967033,buy,58782.37,0.47056
1723662967033,buy,58782.38,0.03979
1723662967367,buy,58782.38,0.0017
1723662967490,buy,58782.38,0.01738
1723662967490,buy,58782.39,0.01098
1723662967490,buy,58782.39,0.00843
1723662967490,buy,58782.65,0.00094
1723662967490,buy,58782.71,0.00086
1723662967490,buy,58782.71,4e-05
1723662967503,buy,58784.0,0.00065
1723662967503,buy,58784.01,0.00042
1723662967520,buy,58785.3,9e-05
1723662967629,buy,58785.3,0.02937
1723662967629,buy,58786.0,0.00027
1723662967629,buy,58786.01,0.00088
1723662967629,buy,58786.93,0.00027
1723662967629,buy,58786.94,0.00087
1723662967629,buy,58786.95,0.00042
1723662967629,buy,58787.95,0.0001
1723662967629,buy,58787.99,0.00027
1723662967629,buy,58788.0,0.09117
1723662967805,buy,58788.65,0.00255
1723662967833,sell,58788.64,0.0009
1723662967948,buy,58789.53,0.00018
1723662967948,buy,58789.54,9e-05
1723662968009,buy,58789.54,0.00037
1723662968182,buy,58789.56,9e-05
1723662968273,buy,58789.56,0.0066
1723662968273,buy,58789.56,0.00024
1723662968273,buy,58789.57,0.01897
1723662968276,buy,58789.89,0.00042
1723662968280,buy,58792.0,9e-05
1723662968290,buy,58792.0,0.00121
1723662968307,buy,58792.34,0.00027
1723662968307,buy,58792.35,0.00093
1723662968319,buy,58792.35,0.00018
1723662968350,buy,58795.77,0.00042
1723662968369,buy,58796.0,0.00035
1723662968370,buy,58796.0,0.00035
1723662968370,buy,58796.0,0.00035
1723662968370,buy,58796.0,0.00035
1723662968370,buy,58796.0,0.00019
1723662968370,buy,58796.05,0.00016
1723662968370,buy,58796.05,2e-05
1723662968370,buy,58796.74,0.00033
1723662968420,buy,58797.36,0.00018
1723662968441,sell,58797.35,0.00067
1723662968449,buy,58797.36,0.00018
1723662968449,buy,58797.37,0.06458
1723662968449,buy,58797.37,0.00663
1723662968452,buy,58797.37,9e-05
1723662968483,buy,58799.93,0.00018
1723662968810,sell,58799.92,0.01699
1723662968812,sell,58798.73,0.00027
1723662968812,sell,58798.72,0.02735
1723662968812,sell,58798.72,9e-05
1723662968813,sell,58798.72,0.02428
1723662968813,sell,58798.72,0.00768
1723662968820,sell,58798.01,0.00027
1723662968825,sell,58796.0,9e-05
1723662968883,sell,58794.0,9e-05
1723662968885,buy,58794.01,0.00025
1723662968965,buy,58794.01,1.57156
1723662969437,sell,58794.0,0.0007
1723662969437,sell,58793.97,0.00027
1723662969437,sell,58793.96,0.0008
1723662969437,sell,58793.47,0.00027
1723662969437,sell,58793.46,0.02552
1723662969437,sell,58792.33,0.0004
1723662969438,sell,58792.33,4e-05
1723662969438,sell,58792.01,0.00027
1723662969438,sell,58792.0,0.00062
1723662969438,sell,58790.0,0.00032
1723662969439,sell,58789.9,0.00042
1723662969439,sell,58789.55,0.02279
1723662969439,sell,58789.51,0.00087
1723662969439,sell,58788.24,0.00018
1723662969439,sell,58788.0,0.00118
1723662969439,sell,58787.97,0.15393
1723662969439,sell,58787.67,0.12153
1723662969441,sell,58786.25,0.01
1723662969441,sell,58786.0,0.03
1723662969441,sell,58786.0,0.02
1723662969442,buy,58786.01,0.11989
1723662969467,sell,58785.33,0.00088
1723662969470,sell,58784.85,0.00013
1723662969470,sell,58784.68,4e-05
1723662969482,buy,58784.69,0.00037
1723662969495,sell,58784.68,0.00035
1723662969495,sell,58784.2,0.0001
1723662969495,sell,58784.01,0.00027
1723662969635,sell,58784.0,0.00042
1723662969635,sell,58784.0,0.00042
1723662969635,sell,58784.0,0.00039
1723662969635,sell,58782.47,3e-05
1723662969635,sell,58782.47,0.00042
1723662969635,sell,58782.47,0.00042
1723662969635,sell,58782.47,3e-05
1723662969635,sell,58782.36,0.00039
1723662969932,sell,58782.36,0.04
1723662969932,sell,58782.36,0.02
1723662969935,sell,58782.36,0.03961
1723662969935,sell,58782.32,0.00034
1723662969935,sell,58782.3,0.00027
1723662969935,sell,58782.29,0.00094
1723662969935,sell,58782.16,0.00027
1723662969935,sell,58782.15,0.0009
1723662969935,sell,58782.0,0.00034
1723662969937,sell,58780.23,0.00042
1723662969937,sell,58780.0,0.0004
1723662969937,sell,58778.14,0.00042
1723662969937,sell,58778.01,0.00027
1723662969959,sell,58776.48,0.00018
1723662969959,sell,58776.0,0.00057
1723662969959,sell,58776.0,0.00075
1723662969959,sell,58776.0,0.00075
1723662969959,sell,58776.0,0.00075
1723662969959,sell,58776.0,0.00067
1723662969959,sell,58775.94,8e-05
1723662969959,sell,58775.94,0.00028
1723662969959,sell,58774.49,0.00047
1723662969961,sell,58774.49,0.00075
1723662970068,sell,58772.0,9e-05
1723662970085,sell,58772.0,0.00043
1723662970085,sell,58772.0,0.00043
1723662970085,sell,58772.0,0.00043
1723662970085,sell,58772.0,0.00043
1723662970086,sell,58772.0,0.00043
1723662970086,sell,58772.0,1e-05
1723662970086,sell,58770.6,0.00042
1723662970103,buy,58770.61,0.01081
1723662970195,buy,58770.61,0.00034
1723662970381,sell,58770.6,0.04
1723662970381,sell,58770.6,0.02
1723662970382,sell,58770.6,0.16
1723662970382,sell,58770.6,0.08
1723662970408,sell,58770.37,9e-05
1723662970408,sell,58770.37,9e-05
1723662970408,sell,58770.37,9e-05
1723662970408,sell,58770.37,9e-05
1723662970412,sell,58770.36,0.00018
1723662970426,sell,58770.35,9e-05
1723662970622,buy,58770.36,0.01494
1723662970678,sell,58768.0,0.00027
1723662970678,sell,58768.0,0.00027
1723662970678,sell,58768.0,0.00027
1723662970678,sell,58768.0,0.00027
1723662970678,sell,58768.0,0.00027
1723662970678,sell,58768.0,0.0002
1723662970678,sell,58767.99,7e-05
1723662970727,sell,58767.99,0.0054
1723662970727,sell,58766.01,0.00027
1723662970743,sell,58764.88,9e-05
1723662970748,sell,58764.88,9e-05
1723662970754,sell,58764.73,0.00018
1723662970766,sell,58764.72,9e-05
1723662970768,sell,58764.72,9e-05
1723662970768,sell,58764.01,9e-05
1723662970772,sell,58764.7,9e-05
1723662970772,sell,58764.0,0.00024
1723662970772,sell,58764.0,0.00033
1723662970772,sell,58764.0,0.00033
1723662970772,sell,58764.0,0.00024
1723662970772,sell,58762.74,9e-05
1723662970772,sell,58762.74,0.00033
1723662970772,sell,58761.78,0.00033
1723662970952,buy,58761.79,0.0002
1723662970973,sell,58761.78,0.00064
1723662971437,sell,58761.78,0.00037
1723662971788,buy,58761.79,0.00249
1723662971817,buy,58761.79,0.25867
1723662971821,buy,58761.79,9e-05
1723662971821,buy,58761.79,9e-05
1723662971821,buy,58761.79,8e-05
1723662971821,buy,58762.0,1e-05
1723662971859,buy,58764.0,9e-05
1723662971941,buy,58764.0,0.00026
1723662972482,buy,58764.72,9e-05
1723662972487,sell,58764.71,0.00411
1723662972489,buy,58764.72,0.00036
1723662972498,buy,58766.0,9e-05
1723662972878,buy,58767.51,0.00027
1723662972959,buy,58767.66,0.0085
1723662972965,buy,58769.32,9e-05
1723662972965,buy,58769.32,9e-05
1723662972965,buy,58769.32,9e-05
1723662972965,buy,58769.32,9e-05
1723662972965,buy,58769.32,6e-05
1723662972965,buy,58770.0,3e-05
1723662972967,buy,58770.0,9e-05
1723662973181,sell,58769.99,0.00533
1723662973449,buy,58770.0,0.0001
1723662973500,sell,58769.99,0.11058
1723662973500,sell,58769.98,0.00382
1723662973501,sell,58769.98,0.0003
1723662973503,sell,58769.98,0.0039
1723662973503,sell,58769.98,0.0099
1723662973629,sell,58769.98,0.01814
1723662973632,sell,58769.94,0.00027
1723662973632,sell,58769.93,0.00114
1723662973632,sell,58769.92,0.00115
1723662973632,sell,58769.91,0.0009
1723662973632,sell,58769.88,0.00094
1723662973632,sell,58769.82,0.00034
1723662973632,sell,58768.01,0.00027
1723662973646,sell,58768.0,0.00026
1723662973646,sell,58768.0,0.00026
1723662973647,sell,58768.0,0.00026
1723662973647,sell,58768.0,0.00026
1723662973647,sell,58768.0,0.00026
1723662973647,sell,58765.99,0.00026
1723662973729,sell,58765.99,0.03227
1723662973729,sell,58764.12,0.00027
1723662973729,sell,58764.11,0.02553
1723662973729,sell,58764.01,0.00027
1723662973910,buy,58764.01,0.00078
1723662973929,buy,58764.01,0.0002
1723662973930,buy,58764.01,0.00021
1723662973931,buy,58764.01,0.00022
1723662973931,buy,58764.01,0.00021
1723662973931,buy,58764.01,0.0002
1723662973931,buy,58764.01,0.00022
1723662973947,buy,58764.01,0.00033
1723662974276,buy,58764.01,0.00171
1723662975367,sell,58764.0,0.00071
1723662975598,sell,58764.0,0.39479
1723662976393,buy,58764.01,0.01701
1723662976658,buy,58764.01,0.00043
1723662976959,sell,58764.0,0.00174
1723662976981,buy,58764.01,0.00012
1723662977138,sell,58764.0,0.02
1723662977139,sell,58764.0,0.04
1723662977424,sell,58764.0,0.15011
1723662977424,sell,58763.33,0.00027
1723662977424,sell,58763.32,0.0007
1723662977424,sell,58763.32,0.00018
1723662977426,sell,58763.21,0.00022
1723662977426,sell,58763.21,0.00022
1723662977426,sell,58763.21,0.00022
1723662977426,sell,58763.21,0.00022
1723662977426,sell,58763.21,6e-05
1723662977426,sell,58763.05,0.00016
1723662977440,sell,58761.78,9e-05
1723662977531,sell,58761.78,0.01914
1723662977531,sell,58760.24,0.00027
1723662977541,buy,58760.24,0.00044
1723662977980,buy,58760.24,0.01852
1723662978332,buy,58760.24,0.0263
1723662978332,buy,58760.25,0.00742
1723662978332,buy,58760.28,0.0002
1723662978332,buy,58761.99,0.00027
1723662978335,buy,58763.38,0.00018
1723662978463,sell,58763.37,0.00699
1723662978831,sell,58763.37,0.00037
1723662978831,sell,58763.37,0.00037
1723662978831,sell,58763.37,0.00037
1723662978831,sell,58763.37,0.00037
1723662978831,sell,58763.37,0.00036
1723662978831,sell,58762.12,1e-05
1723662978855,sell,58760.24,0.00018
1723662978855,sell,58760.23,9e-05
1723662979970,sell,58760.23,0.14011
1723662979972,sell,58760.23,0.00643
1723662979974,sell,58760.01,0.00018
1723662979975,sell,58760.01,9e-05
1723662979975,sell,58760.0,0.00135
1723662979985,sell,58757.41,0.00027
1723662979985,sell,58757.4,0.0009
1723662979985,sell,58757.07,0.00027
1723662979985,sell,58757.06,0.00089
1723662979985,sell,58757.05,0.00027
1723662979985,sell,58757.04,0.00094
1723662979985,sell,58756.82,0.00027
1723662980010,sell,58756.81,0.00028
1723662980015,sell,58756.03,0.0001
1723662980015,sell,58756.0,0.00026
1723662980015,sell,58756.0,0.00036
1723662980015,sell,58756.0,0.00036
1723662980015,sell,58756.0,0.00036
1723662980015,sell,58756.0,0.00036
1723662980015,sell,58756.0,1e-05
1723662980015,sell,58752.96,0.00035
1723662980113,buy,58752.97,0.0001
1723662980261,sell,58752.96,0.06287
1723662980263,sell,58752.49,0.00018
1723662980267,sell,58752.48,0.00022
1723662980267,sell,58752.48,0.00022
1723662980267,sell,58752.48,0.00022
1723662980267,sell,58752.48,0.00022
1723662980267,sell,58752.48,0.00022
1723662980267,sell,58752.48,1e-05
1723662980267,sell,58752.0,0.00021
1723662980332,sell,58752.0,0.02304
1723662980332,sell,58750.03,0.00069
1723662980332,sell,58750.02,0.00597
1723662980332,sell,58749.74,0.00027
1723662980332,sell,58749.73,0.01
1723662980332,sell,58749.09,0.00036
1723662980332,sell,58748.76,0.00042
1723662980332,sell,58748.01,0.00027
1723662980667,sell,58748.0,0.01334
1723662980669,sell,58745.6,0.00018
1723662980678,sell,58745.59,9e-05
1723662980680,sell,58745.59,9e-05
1723662980729,sell,58745.59,0.01382
1723662980729,sell,58744.15,0.00027
1723662980732,sell,58744.0,0.00129
1723662980732,sell,58742.57,0.00027
1723662980732,sell,58742.56,0.12148
1723662980734,sell,58742.56,5e-05
1723662980734,sell,58741.82,0.00021
1723662980830,sell,58741.58,9e-05
1723662980848,sell,58741.24,0.00018
1723662980849,sell,58741.23,9e-05
1723662981046,sell,58741.23,0.0021
1723662981049,sell,58740.0,0.00033
1723662981049,sell,58740.0,0.00033
1723662981049,sell,58740.0,0.00033
1723662981049,sell,58740.0,0.00033
1723662981049,sell,58740.0,0.00033
1723662981049,sell,58738.26,0.00033
1723662981126,sell,58736.25,0.00042
1723662981126,sell,58736.0,7e-05
1723662981126,sell,58736.0,0.00049
1723662981126,sell,58736.0,0.00049
1723662981126,sell,58736.0,0.00049
1723662981126,sell,58736.0,0.00049
1723662981126,sell,58736.0,3e-05
1723662981126,sell,58735.32,0.00046
1723662981281,buy,58735.33,0.0002
1723662981956,buy,58735.33,0.00026
1723662981957,buy,58735.33,0.00051
1723662981990,sell,58735.32,0.0001
1723662982041,sell,58735.32,0.00177
1723662982521,buy,58735.33,0.00119
1723662982642,buy,58735.33,0.00478
1723662982644,buy,58735.33,0.00168
1723662982894,sell,58735.32,0.03891
1723662983635,buy,58735.33,0.09178
1723662983635,buy,58735.33,0.09178
1723662984083,buy,58735.33,0.00042
1723662984189,sell,58735.32,0.00593
1723662984394,buy,58735.33,0.00013
1723662984486,buy,58735.33,0.23578
1723662984486,buy,58735.34,0.00027
1723662984486,buy,58735.35,0.0111
1723662984486,buy,58735.36,0.00027
1723662984486,buy,58735.37,0.01088
1723662984486,buy,58735.37,0.00023
1723662984489,buy,58737.99,0.00018
1723662984493,buy,58737.99,9e-05
1723662984496,buy,58737.99,9e-05
1723662984499,buy,58737.99,0.00018
1723662984499,buy,58737.99,9e-05
1723662984502,buy,58740.0,9e-05
1723662984639,buy,58740.0,0.00017
1723662984639,buy,58740.0,0.00017
1723662984639,buy,58740.0,0.00017
1723662984639,buy,58740.0,0.00017
1723662984639,buy,58740.0,8e-05
1723662984639,buy,58740.14,9e-05
1723662984639,buy,58740.14,1e-05
1723662984639,buy,58741.2,0.00016
1723662984646,buy,58741.2,2e-05
1723662984660,buy,58741.21,9e-05
1723662984663,buy,58742.54,9e-05
1723662984757,buy,58742.54,0.0237
1723662984759,buy,58742.54,0.00075
1723662984759,buy,58742.54,0.00075
1723662984759,buy,58742.54,0.00025
1723662984759,buy,58742.88,0.00042
1723662984759,buy,58744.0,8e-05
1723662984759,buy,58744.0,0.00075
1723662984759,buy,58744.0,0.00025
1723662984759,buy,58744.63,0.0004
1723662984759,buy,58745.52,0.0001
1723662984770,buy,58745.99,0.00018
1723662984798,buy,58746.0,9e-05
1723662984822,buy,58747.08,0.00042
1723662984829,buy,58748.0,0.00044
1723662984833,buy,58748.0,0.14181
1723662984833,buy,58748.27,0.00027
1723662985365,buy,58748.28,0.05048
1723662985677,buy,58748.28,0.00017
1723662985744,sell,58748.27,0.00249
1723662985793,buy,58748.28,0.0057
1723662986200,sell,58748.27,0.00338
1723662986300,buy,58748.28,0.00195
1723662987406,buy,58748.28,0.008
1723662987407,buy,58748.28,0.008
1723662987407,buy,58748.28,0.047
1723662987407,buy,58748.28,0.14093
1723662987407,buy,58748.75,0.0004
1723662987408,buy,58748.75,2e-05
1723662987408,buy,58749.85,0.00027
1723662987408,buy,58749.86,0.00087
1723662987408,buy,58749.92,0.00027
1723662987408,buy,58750.17,0.09875
1723662987409,buy,58750.68,0.01012
1723662987410,buy,58751.42,0.00026
1723662987415,buy,58751.41,0.00027
1723662987415,buy,58752.0,0.00038
1723662987419,buy,58752.54,0.06686
1723662987426,buy,58752.54,0.0438
1723662987428,buy,58752.8,0.00111
1723662987432,buy,58752.96,0.00112
1723662987433,buy,58753.09,0.0001
1723662987433,buy,58753.58,0.01
1723662987451,buy,58754.63,0.00042
1723662987451,buy,58754.8,4e-05
1723662987468,buy,58754.8,0.0003
1723662987512,buy,58755.99,0.00018
1723662987534,buy,58756.0,0.00027
1723662987534,buy,58756.43,0.00034
1723662987534,buy,58756.43,6e-05
1723662987534,buy,58757.4,0.00055
1723662987534,buy,58757.4,0.00033
1723662987534,buy,58757.57,0.00028
1723662987535,buy,58757.57,0.00014
1723662987535,buy,58757.75,0.00047
1723662987535,buy,58757.75,0.00043
1723662987535,buy,58758.84,0.00018
1723662987579,buy,58759.13,0.00018
1723662987793,buy,58759.99,0.00569
1723662988451,buy,58759.99,0.03403
1723662988492,buy,58759.99,0.00183
1723662988612,sell,58759.98,0.00042
1723662988692,buy,58759.99,0.00217
1723662988697,sell,58759.98,0.00047
1723662988714,buy,58759.99,0.0049
1723662988738,buy,58759.99,0.00077
1723662988762,buy,58759.99,0.00055
1723662988792,buy,58759.99,0.00569
1723662989116,buy,58759.99,0.00017
1723662989931,buy,58759.99,9e-05
1723662989931,buy,58759.99,9e-05
1723662989932,buy,58759.99,9e-05
1723662989932,buy,58759.99,0.00066
1723662989932,buy,58760.0,9e-05
1723662989985,sell,58759.99,0.00071
1723662990037,buy,58760.0,0.08621
1723662990067,buy,58760.0,0.00499
1723662990067,buy,58760.02,0.00027
1723662990067,buy,58760.03,0.00188
1723662990067,buy,58760.5,0.00024
1723662990069,buy,58760.5,9e-05
1723662990069,buy,58762.0,9e-05
1723662990137,buy,58763.99,0.06157
1723662990382,buy,58764.0,0.00012
1723662990460,sell,58763.99,0.08699
1723662990702,buy,58764.0,0.01806
1723662991183,buy,58764.0,0.00066
1723662991183,buy,58764.0,0.00059
1723662991186,buy,58764.0,0.00043
1723662991186,buy,58764.0,0.00043
1723662991187,buy,58764.0,0.00048
1723662991279,buy,58764.0,0.00014
1723662992363,buy,58764.0,0.11626
1723662992368,buy,58764.0,0.12146
1723662992652,buy,58764.0,0.15435
1723662992652,buy,58764.01,0.003
1723662992652,buy,58764.71,0.00027
1723662992655,buy,58765.35,0.0001
1723662992655,buy,58765.45,0.00027
1723662992656,buy,58765.46,0.00073
1723662992656,buy,58765.46,0.00073
1723662992656,buy,58765.46,0.00073
1723662992656,buy,58765.46,0.00073
1723662992656,buy,58765.46,0.00021
1723662992656,buy,58766.38,0.00042
1723662992656,buy,58766.84,0.0001
1723662992676,buy,58768.0,0.00035
1723662992676,buy,58768.0,0.00035
1723662992676,buy,58768.0,0.00035
1723662992676,buy,58768.0,0.00027
1723662992676,buy,58769.32,8e-05
1723662992676,buy,58769.32,0.00034
1723662992676,buy,58770.16,1e-05
1723662992694,buy,58770.25,0.00018
1723662993577,buy,58770.25,0.0001
1723662993577,buy,58770.25,0.0001
1723662993577,buy,58770.25,0.0001
1723662993577,buy,58770.25,0.0001
1723662993577,buy,58770.25,0.0001
1723662993577,buy,58770.25,0.0001
1723662993577,buy,58770.25,0.0001
1723662993577,buy,58770.25,6e-05
1723662993577,buy,58770.26,4e-05
1723662993579,buy,58770.26,9e-05
1723662993680,buy,58770.26,0.08832
1723662993705,buy,58770.26,0.0468
1723662993710,buy,58770.26,0.01229
1723662993710,buy,58772.0,0.00058
1723662993710,buy,58772.26,0.00042
1723662993715,buy,58773.53,0.00018
1723662993726,buy,58775.2,0.00042
1723662993737,buy,58775.76,0.00018
1723662993741,buy,58775.77,9e-05
1723662993905,buy,58775.77,0.00991
1723662993905,buy,58775.78,0.00027
1723662993905,buy,58775.79,0.0007
1723662993907,buy,58775.79,0.00018
1723662993907,buy,58776.0,0.00055
1723662993907,buy,58776.47,0.00027
1723662993939,buy,58776.48,0.00596
1723662993939,buy,58778.99,0.00027
1723662993979,buy,58779.42,9e-05
1723662994099,buy,58780.0,0.00048
1723662994099,buy,58780.0,0.00048
1723662994099,buy,58780.0,0.00048
1723662994099,buy,58780.0,0.00048
1723662994099,buy,58780.0,9e-05
1723662994099,buy,58781.07,0.00039
1723662994099,buy,58781.07,3e-05
1723662994099,buy,58782.0,0.00045
1723662994620,sell,58781.99,0.02514
1723662994622,sell,58780.03,0.00018
1723662994632,sell,58780.02,9e-05
1723662994639,sell,58780.02,0.05914
1723662994639,sell,58778.99,0.00041
1723662994639,sell,58778.98,0.00027
1723662994639,sell,58778.97,0.00561
1723662994639,sell,58778.01,0.00027
1723662994710,sell,58776.79,0.00017
1723662994710,sell,58776.79,0.00017
1723662994710,sell,58776.79,0.00017
1723662994710,sell,58776.79,0.00017
1723662994710,sell,58776.79,0.00017
1723662994710,sell,58776.79,3e-05
1723662994710,sell,58776.12,0.00014
1723662994753,sell,58776.0,9e-05
1723662994819,sell,58776.0,0.00011
1723662994819,sell,58776.0,0.00011
1723662994819,sell,58776.0,0.00011
1723662994819,sell,58776.0,0.00011
1723662994819,sell,58775.77,0.00011
1723662994819,sell,58775.77,0.00011
1723662994819,sell,58775.77,0.00011
1723662994819,sell,58775.77,3e-05
1723662994819,sell,58775.49,8e-05
1723662994833,sell,58774.16,0.00017
1723662994833,sell,58774.16,0.00017
1723662994833,sell,58774.16,0.00017
1723662994834,sell,58774.16,0.00017
1723662994834,sell,58774.16,0.00017
1723662994834,sell,58774.16,2e-05
1723662994834,sell,58772.42,0.0001
1723662994834,sell,58772.27,5e-05
1723662994840,sell,58772.22,9e-05
1723662994840,sell,58772.01,0.00027
1723662994840,sell,58772.0,9e-05
1723662995079,sell,58772.0,0.00021
1723662995079,sell,58772.0,0.00021
1723662995079,sell,58772.0,0.00021
1723662995079,sell,58772.0,0.00021
1723662995079,sell,58772.0,0.00021
1723662995079,sell,58772.0,1e-05
1723662995079,sell,58771.22,0.0002
1723662995899,sell,58771.22,0.0003
1723662996240,buy,58771.23,0.04643
1723662996240,buy,58772.42,0.00036
1723662996240,buy,58773.99,0.00027
1723662996266,buy,58775.49,0.00018
1723662996266,buy,58775.5,9e-05
1723662996381,sell,58775.49,0.0008
1723662996398,buy,58776.0,9e-05
1723662996583,buy,58776.0,0.00063
1723662996584,buy,58776.0,0.00059
1723662996584,buy,58776.48,4e-05
1723662996584,buy,58776.48,0.00014
1723662996584,buy,58776.86,0.00049
1723662996584,buy,58776.86,0.00041
1723662996584,buy,58777.21,0.00022
1723662996584,buy,58777.21,0.00063
1723662996584,buy,58777.21,3e-05
1723662996584,buy,58778.0,0.0006
1723662997003,buy,58778.0,0.23298
1723662997006,buy,58778.0,0.00018
1723662997436,buy,58778.0,9e-05
1723662997436,buy,58778.01,9e-05
1723662997436,buy,58778.01,0.00056
1723662997440,buy,58778.01,0.00488
1723662997440,buy,58778.97,9e-05
1723662997440,buy,58778.98,0.0237
1723662997440,buy,58778.99,0.00027
1723662997445,buy,58779.67,0.00034
1723662997473,buy,58779.86,9e-05
1723662997816,buy,58779.87,0.00071
1723662998310,buy,58779.87,0.00349
1723662998989,sell,58779.86,0.0051
1723663000089,buy,58779.87,0.10685
1723663000142,buy,58779.87,0.01522
1723663000142,buy,58779.88,0.00027
1723663000142,buy,58779.89,0.00596
1723663000142,buy,58779.9,0.00027
1723663000142,buy,58779.91,0.00597
1723663000143,buy,58780.0,0.00152
1723663000143,buy,58780.06,0.00034
1723663000145,buy,58781.11,0.00018
1723663000155,buy,58781.67,0.00094
1723663000155,buy,58781.77,0.00027
1723663000167,buy,58781.78,0.0008
1723663000167,buy,58781.78,0.00031
1723663000167,buy,58782.0,0.00049
1723663000167,buy,58782.0,0.0008
1723663000167,buy,58782.0,0.0008
1723663000167,buy,58782.0,0.00079
1723663000167,buy,58784.0,1e-05
1723663000220,buy,58784.0,0.00026
1723663000247,buy,58784.0,0.00026
1723663000247,buy,58784.0,0.00026
1723663000247,buy,58784.0,0.00026
1723663000247,buy,58784.0,0.00026
1723663000247,buy,58784.0,0.00026
1723663000247,buy,58784.0,2e-05
1723663000247,buy,58784.18,0.00024
1723663000257,sell,58784.17,0.00035
1723663000341,buy,58784.18,0.01677
1723663000341,buy,58784.3,9e-05
1723663000341,buy,58784.37,0.00027
1723663000341,buy,58784.38,0.00087
1723663000341,buy,58784.74,0.0001
1723663000341,buy,58785.99,0.00027
1723663000349,buy,58786.54,0.00018
1723663000367,buy,58786.55,9e-05
1723663000391,buy,58787.32,9e-05
1723663000392,buy,58787.52,9e-05
1723663000444,buy,58787.52,0.01033
1723663000444,buy,58788.24,0.00018
1723663000444,buy,58789.35,0.0004
1723663000444,buy,58789.49,0.00027
1723663000481,buy,58789.89,0.0001
1723663000481,buy,58789.89,0.0001
1723663000481,buy,58789.89,0.0001
1723663000481,buy,58789.89,0.0001
1723663000481,buy,58789.89,2e-05
1723663000481,buy,58790.34,8e-05
1723663000481,buy,58790.34,1e-05
1723663000481,buy,58791.64,9e-05
1723663000559,buy,58792.0,0.00042
1723663000559,buy,58792.0,0.00042
1723663000559,buy,58792.0,0.00042
1723663000559,buy,58792.0,0.00042
1723663000559,buy,58792.0,0.00042
1723663000559,buy,58792.0,2e-05
1723663000559,buy,58793.0,0.0004
1723663002222,sell,58792.99,0.00362
1723663003173,buy,58793.0,0.1239
1723663003173,buy,58793.0,0.03583
1723663003174,buy,58793.0,0.0108
1723663003174,buy,58793.03,0.00027
1723663003174,buy,58793.04,0.00179
1723663003174,buy,58793.36,9e-05
1723663003176,buy,58795.77,0.00042
1723663003176,buy,58795.99,0.00027
1723663003176,buy,58796.0,0.00085
1723663003182,buy,58796.38,9e-05
1723663003191,buy,58796.49,0.00018
1723663003201,buy,58796.69,0.00018
1723663003208,buy,58796.7,9e-05
1723663003245,buy,58797.89,0.0001
1723663003245,buy,58798.71,0.00012
1723663003245,buy,58798.71,0.00012
1723663003245,buy,58798.71,0.00012
1723663003245,buy,58798.71,6e-05
1723663003245,buy,58799.4,6e-05
1723663003245,buy,58799.4,3e-05
1723663003245,buy,58799.88,9e-05
1723663003250,buy,58799.88,9e-05
1723663003250,buy,58799.88,9e-05
1723663003251,buy,58799.88,9e-05
1723663003251,buy,58799.88,9e-05
1723663003422,sell,58799.87,0.00277
1723663003480,buy,58799.89,9e-05
1723663003591,buy,58799.89,0.03401
1723663003692,sell,58799.88,0.00011
1723663003970,buy,58799.89,0.023
1723663003974,buy,58799.89,0.023
1723663003982,buy,58799.89,0.023
1723663004344,buy,58799.89,0.02684
1723663004585,sell,58799.89,0.00013
1723663006682,buy,58799.9,0.04556
1723663006682,buy,58799.9,0.08209
1723663006684,buy,58802.42,9e-05
1723663006684,buy,58803.4,1e-05
1723663006684,buy,58803.4,0.00041
1723663006684,buy,58803.99,0.00027
1723663006684,buy,58804.0,0.00271
1723663006684,buy,58804.0,0.0001
1723663006695,buy,58804.87,0.0001
1723663006787,buy,58805.44,0.00019
1723663006819,buy,58805.44,0.00085
1723663006977,buy,58805.44,0.00042
1723663006995,buy,58805.44,0.00026
1723663006997,buy,58805.44,0.00085
1723663007005,buy,58805.44,0.00087
1723663007010,buy,58805.44,0.00085
1723663007059,buy,58805.44,0.03401
1723663007203,buy,58805.44,0.00105
1723663007478,buy,58805.44,0.00991
1723663007651,sell,58805.43,0.0017
1723663008077,sell,58805.43,0.00012
1723663008494,sell,58805.43,0.00256
1723663009246,buy,58805.44,0.00051
1723663009313,sell,58805.43,0.0003
1723663009429,buy,58805.44,0.00064
1723663009690,buy,58805.44,0.00505
1723663009693,buy,58807.87,0.00018
1723663009703,buy,58807.87,9e-05
1723663009720,buy,58807.88,0.00037
1723663009720,buy,58807.88,0.00037
1723663009720,buy,58807.88,0.00037
1723663009720,buy,58808.0,0.00037
1723663009720,buy,58808.0,0.00037
1723663009720,buy,58808.0,3e-05
1723663009720,buy,58808.25,0.00034
1723663009880,buy,58808.46,9e-05
1723663009880,buy,58808.86,0.00087
1723663009880,buy,58809.99,0.00096
1723663009880,buy,58809.99,0.00096
1723663009881,buy,58809.99,0.00048
1723663009881,buy,58810.47,0.00042
1723663009881,buy,58811.48,6e-05
1723663009881,buy,58811.48,3e-05
1723663009881,buy,58811.6,0.00093
1723663009881,buy,58811.6,1e-05
1723663009881,buy,58812.0,0.00095
1723663009884,buy,58812.0,0.0004
1723663009886,buy,58812.0,9e-05
1723663009886,buy,58812.0,9e-05
1723663009886,buy,58812.0,9e-05
1723663009886,buy,58812.0,9e-05
1723663009886,buy,58812.0,9e-05
1723663009886,buy,58812.0,9e-05
1723663009886,buy,58812.0,9e-05
1723663009886,buy,58812.0,9e-05
1723663009886,buy,58812.0,9e-05
1723663009886,buy,58812.0,9e-05
1723663009886,buy,58812.0,9e-05
1723663009886,buy,58812.0,9e-05
1723663009886,buy,58812.0,9e-05
1723663009886,buy,58812.0,9e-05
1723663009909,buy,58812.0,0.00172
1723663010673,buy,58812.0,0.00309
1723663010840,buy,58812.0,0.00071
1723663010902,buy,58812.0,0.0136
1723663011113,sell,58811.99,1.998
1723663012087,sell,58811.99,0.0047
1723663012308,sell,58811.99,0.18499
1723663012310,sell,58811.24,0.00019
1723663012310,sell,58811.24,0.00019
1723663012310,sell,58811.24,0.00019
1723663012310,sell,58811.24,0.00019
1723663012310,sell,58811.24,0.00018
1723663012310,sell,58811.1,1e-05
1723663012314,sell,58811.1,0.05943
1723663012316,sell,58810.24,0.0001
1723663012316,sell,58810.01,0.00027
1723663012317,sell,58809.69,0.00027
1723663012317,sell,58808.53,0.00087
1723663012319,sell,58808.24,0.00044
1723663012319,sell,58808.17,0.0001
1723663012319,sell,58808.0,0.00067
1723663012326,sell,58807.56,0.00022
1723663012326,sell,58807.56,0.00022
1723663012326,sell,58807.56,0.00022
1723663012326,sell,58807.56,0.00022
1723663012326,sell,58807.56,0.00022
1723663012326,sell,58807.56,1e-05
1723663012326,sell,58806.12,0.00021
1723663012341,buy,58806.13,0.01272
1723663012347,sell,58806.01,0.00018
1723663012350,sell,58806.0,9e-05
1723663012386,sell,58805.44,0.00059
1723663012386,sell,58805.44,0.00059
1723663012386,sell,58805.44,0.00059
1723663012386,sell,58805.44,0.00059
1723663012386,sell,58805.44,0.00059
1723663012386,sell,58805.44,0.00018
1723663012386,sell,58805.43,0.00041
1723663013117,buy,58805.44,0.00051
1723663013361,buy,58805.44,0.00085
1723663013495,buy,58805.44,0.00048
1723663013495,buy,58805.44,0.00048
1723663013495,buy,58805.44,0.00012
1723663013495,buy,58805.48,0.00024
1723663013495,buy,58805.76,0.00012
1723663013495,buy,58805.76,6e-05
1723663013495,buy,58805.78,0.00042
1723663013495,buy,58805.78,0.00048
1723663013495,buy,58805.89,0.00048
1723663013522,buy,58807.0,9e-05
1723663013718,buy,58807.0,0.01168
1723663013725,buy,58807.0,0.00026
1723663013736,buy,58807.0,0.00026
1723663013739,buy,58807.0,0.00026
1723663014485,buy,58807.01,9e-05
1723663014646,buy,58807.01,0.00358
1723663014649,buy,58807.04,0.00034
1723663014649,buy,58807.87,0.00027
1723663014650,buy,58807.88,0.00111
1723663014650,buy,58808.85,0.00027
1723663014650,buy,58808.86,0.00087
1723663014650,buy,58809.99,0.00027
1723663014650,buy,58810.0,0.00046
1723663014659,buy,58810.0,0.00018
1723663014664,buy,58810.01,9e-05
1723663014848,buy,58810.01,0.01691
1723663014848,buy,58810.44,0.0001
1723663014848,buy,58811.01,0.00027
1723663015106,buy,58811.2,0.017
1723663015106,buy,58811.3,0.00027
1723663015106,buy,58811.31,0.02533
1723663015107,buy,58811.31,0.00018
1723663015107,buy,58811.48,9e-05
1723663015107,buy,58811.6,0.00094
1723663015113,buy,58812.33,0.00088
1723663015114,buy,58812.38,0.00034
1723663015121,buy,58813.68,0.00018
1723663015121,buy,58813.77,0.0001
1723663015121,buy,58814.5,9e-05
1723663015121,buy,58815.44,3e-05
1723663015150,buy,58815.44,0.03212
1723663015150,buy,58815.99,0.00027
1723663015167,buy,58816.0,0.00034
1723663015167,buy,58816.0,0.00034
1723663015167,buy,58817.14,0.00034
1723663015620,buy,58817.14,0.00026
1723663015848,buy,58817.15,9e-05
1723663016022,buy,58817.15,0.05951
1723663016505,buy,58817.15,0.01806
1723663016526,buy,58817.15,0.01806
1723663016652,buy,58817.15,9e-05
1723663017028,buy,58817.15,0.02728
1723663017028,buy,58817.16,0.04875
1723663017028,buy,58817.17,0.00434
1723663017028,buy,58817.18,0.00017
1723663017028,buy,58817.19,0.00433
1723663017028,buy,58817.2,0.00042
1723663017028,buy,58817.52,9e-05
1723663017028,buy,58819.29,0.00042
1723663017028,buy,58820.0,0.00174
1723663017028,buy,58820.05,0.00597
1723663017028,buy,58820.54,9e-05
1723663017028,buy,58821.0,0.0679
1723663017028,buy,58821.36,0.0884
1723663017028,buy,58822.0,0.0897
1723663017028,buy,58822.23,0.00042
1723663017028,buy,58822.54,0.12977
1723663017028,buy,58822.96,0.0004
1723663017028,buy,58823.0,0.00597
1723663017028,buy,58823.12,0.01013
1723663017028,buy,58823.51,0.01
1723663017028,buy,58823.52,0.00018
1723663017028,buy,58823.56,9e-05
1723663017028,buy,58823.8,0.0004
1723663017028,buy,58823.88,0.0549
1723663017028,buy,58824.0,0.00151
1723663017028,buy,58824.49,0.11702
1723663017028,buy,58824.5,0.12961
1723663017205,buy,58824.5,0.00019
1723663017463,buy,58824.5,0.00163
1723663017701,buy,58824.5,0.01805
1723663017846,buy,58824.5,0.00035
1723663018037,buy,58824.5,0.00022
1723663018037,buy,58824.5,0.00022
1723663018037,buy,58824.5,0.00022
1723663018037,buy,58824.5,0.00022
1723663018038,buy,58824.5,0.00022
1723663018038,buy,58824.5,0.00022
1723663018041,buy,58824.5,0.00022
1723663018093,buy,58824.5,0.00034
1723663018556,sell,58824.49,0.0778
1723663018559,sell,58824.49,0.00018
1723663018568,sell,58824.49,0.03292
1723663018570,sell,58822.01,0.00018
1723663018581,sell,58822.01,9e-05
1723663019157,buy,58822.01,0.05882
1723663019723,sell,58822.0,0.01423
1723663019767,buy,58822.01,0.00737
1723663020071,sell,58822.0,0.119
1723663020071,sell,58821.93,0.00034
1723663020075,sell,58821.5,0.00022
1723663020075,sell,58821.5,0.00022
1723663020075,sell,58821.5,0.00022
1723663020075,sell,58821.5,0.00022
1723663020075,sell,58821.5,2e-05
1723663020075,sell,58821.23,0.0001
1723663020075,sell,58821.0,0.0001
1723663020075,sell,58821.0,0.00022
1723663020075,sell,58821.0,4e-05
1723663020075,sell,58820.0,0.00018
1723663020201,sell,58820.0,0.00016
1723663020201,sell,58820.0,0.00016
1723663020201,sell,58820.0,0.00016
1723663020201,sell,58820.0,0.00016
1723663020201,sell,58820.0,0.00016
1723663020201,sell,58818.62,0.00016
1723663020232,buy,58818.63,0.00068
1723663020234,buy,58818.63,0.00026
1723663020237,buy,58818.63,0.00085
1723663021153,sell,58818.62,0.04084
1723663021153,sell,58818.19,0.0001
1723663021153,sell,58818.01,0.00027
1723663021158,sell,58817.16,0.00018
1723663021178,sell,58817.15,0.0004
1723663021178,sell,58817.15,0.0004
1723663021178,sell,58817.15,0.0004
1723663021178,sell,58817.15,0.0004
1723663021178,sell,58817.15,0.00039
1723663021178,sell,58816.0,1e-05
1723663021746,buy,58816.01,0.00523
1723663022039,sell,58816.0,0.0224
1723663022566,buy,58816.01,0.02545
1723663022566,buy,58816.02,0.00027
1723663022566,buy,58816.03,0.02228
1723663022568,buy,58816.03,0.00012
1723663022568,buy,58817.52,0.00088
1723663022569,buy,58817.58,0.00111
1723663022599,buy,58820.0,9e-05
1723663022605,buy,58820.0,9e-05
1723663022608,buy,58820.0,9e-05
1723663022608,buy,58820.0,9e-05
1723663022653,buy,58820.01,0.017
1723663022653,buy,58821.83,0.00027
1723663022653,buy,58821.84,0.0009
1723663022653,buy,58821.87,0.00027
1723663022653,buy,58821.88,0.02551
1723663022656,buy,58822.32,0.00034
1723663022656,buy,58822.33,0.00087
1723663022656,buy,58822.35,0.00027
1723663022656,buy,58822.36,0.00094
1723663022656,buy,58822.75,0.00027
1723663022680,buy,58823.43,0.00018
1723663022683,buy,58823.67,0.00019
1723663022683,buy,58823.68,0.0004
1723663022683,buy,58823.99,0.00027
1723663022735,buy,58824.0,0.00027
1723663022735,buy,58824.0,0.00027
1723663022735,buy,58824.0,0.00027
1723663022735,buy,58824.0,0.00013
1723663022735,buy,58825.17,0.00014
1723663022735,buy,58825.17,0.00027
1723663022735,buy,58825.17,1e-05
1723663022735,buy,58825.54,0.00026
1723663022737,buy,58825.54,0.00096
1723663022737,buy,58825.54,0.00096
1723663022737,buy,58825.54,0.00096
1723663022737,buy,58825.54,0.00085
1723663022737,buy,58825.65,0.00011
1723663022739,buy,58825.65,0.00029
1723663023158,sell,58825.89,0.04275
1723663023252,sell,58825.89,0.00567
1723663023252,sell,58824.01,0.00027
1723663023631,buy,58824.01,0.0044
1723663023681,sell,58824.0,0.06776
1723663024283,buy,58824.01,0.00016
1723663024402,buy,58824.01,0.02547
1723663024523,buy,58824.01,0.00067
1723663024881,buy,58824.01,0.00025
1723663025236,sell,58824.0,0.15537
1723663025415,buy,58824.01,0.00023
1723663026083,buy,58824.01,0.00058
1723663026139,sell,58824.0,0.00131
1723663026394,sell,58824.0,0.0011
1723663026498,buy,58824.01,0.0017
1723663026908,buy,58824.01,0.00102
1723663026908,sell,58824.0,0.0002
1723663026918,buy,58824.01,0.00026
1723663026921,buy,58824.01,0.00339
1723663027295,sell,58824.0,0.00016
1723663027338,buy,58824.01,0.01388
1723663027450,sell,58824.0,0.0005
1723663027791,sell,58824.0,0.0017
1723663028208,buy,58824.01,0.01522
1723663028532,buy,58824.01,0.0008
1723663029172,sell,58824.0,0.00183
1723663029456,buy,58824.01,0.04917
1723663029545,buy,58824.01,0.00085
1723663029639,sell,58824.0,0.00084
1723663029921,buy,58824.01,0.0856
1723663029951,buy,58824.01,0.01195
1723663029951,buy,58824.02,0.00027
1723663029951,buy,58824.03,0.00635
1723663029964,buy,58824.99,0.00018
1723663029964,buy,58825.0,9e-05
1723663029982,buy,58825.0,0.01691
1723663029984,buy,58828.0,9e-05
1723663030209,buy,58828.0,0.01521
1723663030216,buy,58830.0,9e-05
1723663030279,buy,58830.0,0.00017
1723663030357,buy,58830.0,0.06157
1723663031065,buy,58830.01,0.00356
1723663031208,buy,58830.01,0.01521
1723663031417,buy,58830.01,0.00232
1723663031807,buy,58830.01,0.00026
1723663031972,buy,58830.01,0.00306
1723663032751,sell,58830.0,0.00341
1723663033917,buy,58830.01,0.00849
1723663033987,buy,58830.01,0.00091
1723663034539,sell,58830.0,0.003
1723663035235,buy,58830.01,0.00313
1723663035472,sell,58830.0,0.00045
1723663035481,sell,58830.0,0.02498
1723663035488,sell,58830.0,0.3478
1723663035488,sell,58829.97,0.00027
1723663035488,sell,58829.96,0.00303
1723663035491,sell,58829.08,0.00018
1723663035501,sell,58829.08,9e-05
1723663035502,sell,58829.0,9e-05
1723663035559,sell,58829.0,0.05901
1723663035559,sell,58828.01,0.00027
1723663035559,sell,58828.0,0.00088
1723663035559,sell,58827.99,0.00036
1723663035559,sell,58826.45,0.0001
1723663035559,sell,58826.01,0.00027
1723663036745,sell,58826.0,0.30476
1723663037037,buy,58826.01,0.00032
1723663037761,sell,58826.0,0.04699
1723663037761,sell,58825.97,0.00027
1723663037761,sell,58825.96,0.00187
1723663037778,sell,58824.77,0.00106
1723663037797,sell,58824.5,0.00018
1723663037797,sell,58824.5,0.00018
1723663037797,sell,58824.5,0.00018
1723663037797,sell,58824.5,0.00018
1723663037797,sell,58824.5,0.00018
1723663037797,sell,58824.01,0.00018
1723663037960,sell,58824.01,0.0056
1723663037960,sell,58824.0,0.02757
1723663037960,sell,58823.69,0.0011
1723663037960,sell,58823.67,0.00088
1723663037960,sell,58823.66,0.0009
1723663037960,sell,58823.65,0.00093
1723663037960,sell,58823.61,0.00034
1723663037960,sell,58822.35,0.0001
1723663037960,sell,58822.01,0.00027
1723663038820,buy,58822.01,0.00067
1723663038908,sell,58822.0,0.0003
1723663039650,sell,58822.0,0.00939
1723663040084,buy,58822.01,0.192
1723663040637,buy,58822.01,0.00254
1723663040685,sell,58822.0,0.00024
1723663040985,sell,58822.0,0.00089
1723663041202,sell,58822.0,0.00175
1723663041242,buy,58822.01,0.00015
1723663041424,buy,58822.01,0.00076
1723663041424,buy,58822.01,0.00076
1723663041424,buy,58822.01,0.00076
1723663041424,buy,58822.01,0.00076
1723663041424,buy,58822.01,0.00059
1723663041424,buy,58823.43,0.00017
1723663041424,buy,58823.43,1e-05
1723663041424,buy,58824.0,0.00075
1723663041485,buy,58824.01,0.00036
1723663041485,buy,58824.33,0.00043
1723663041485,buy,58824.33,0.00067
1723663041485,buy,58824.35,0.00012
1723663041485,buy,58824.35,0.00076
1723663041485,buy,58824.36,3e-05
1723663041485,buy,58824.36,0.00079
1723663041485,buy,58824.36,8e-05
1723663041485,buy,58824.37,0.00071
1723663041485,buy,58824.37,0.00022
1723663041485,buy,58824.4,0.00034
1723663041485,buy,58826.0,0.00023
1723663041571,buy,58826.3,9e-05
1723663041598,buy,58826.55,9e-05
1723663041598,buy,58826.55,1e-05
1723663041598,buy,58828.0,8e-05
1723663041840,buy,58828.0,0.0022
1723663041979,buy,58828.0,0.0003
1723663041995,buy,58829.66,9e-05
1723663041995,buy,58829.66,9e-05
1723663041995,buy,58829.66,9e-05
1723663041995,buy,58829.66,9e-05
1723663041995,buy,58829.66,4e-05
1723663041995,buy,58830.0,5e-05
1723663042030,buy,58830.0,0.00028
1723663042123,buy,58830.21,0.00066
1723663042123,buy,58830.21,0.00066
1723663042123,buy,58830.21,0.00066
1723663042123,buy,58830.21,0.00066
1723663042123,buy,58830.21,9e-05
1723663042123,buy,58831.06,0.00042
1723663042123,buy,58831.31,0.00015
1723663042123,buy,58831.31,3e-05
1723663042123,buy,58831.56,0.00063
1723663042208,buy,58831.77,9e-05
1723663042263,buy,58831.77,0.02541
1723663042263,buy,58831.99,0.00027
1723663043289,buy,58832.0,0.00559
1723663043779,sell,58831.99,0.03919
1723663044972,sell,58831.99,0.00197
1723663045296,sell,58831.99,0.0949
1723663045296,sell,58831.99,0.19266
1723663045296,sell,58831.96,0.00027
1723663045296,sell,58831.95,0.00649
1723663045296,sell,58831.76,0.00027
1723663045296,sell,58831.75,0.13143
1723663045297,sell,58831.75,0.0355
1723663045300,sell,58828.91,0.00027
1723663045300,sell,58828.9,0.00597
1723663045300,sell,58828.22,0.04848
1723663045301,sell,58828.12,0.00027
1723663045301,sell,58828.01,0.00027
1723663045301,sell,58828.0,0.00134
1723663045301,sell,58827.99,0.00666
1723663045304,sell,58827.01,0.24297
1723663045305,sell,58827.01,0.04
1723663045306,sell,58827.01,9e-05
1723663045312,sell,58826.13,0.01011
1723663045312,sell,58825.99,0.05
1723663045314,sell,58825.99,0.06851
1723663045316,sell,58825.88,0.0255
1723663045316,sell,58825.67,0.00087
1723663045320,sell,58824.38,0.0004
1723663045320,sell,58824.0,0.00232
1723663045324,sell,58823.63,0.0009
1723663045324,sell,58823.57,0.00093
1723663045324,sell,58823.5,0.00111
1723663045324,sell,58823.43,0.00018
1723663045324,sell,58823.38,0.00088
1723663045324,sell,58823.22,0.00034
1723663045342,sell,58822.24,0.00042
1723663045342,sell,58821.59,0.0004
1723663045342,sell,58820.54,9e-05
1723663045342,sell,58820.0,0.09218
1723663045342,sell,58819.3,0.00042
1723663045342,sell,58818.63,0.00046
1723663045342,sell,58818.0,0.06603
1723663045342,sell,58818.0,0.02367
1723663045342,sell,58817.54,0.00018
1723663045342,sell,58817.52,9e-05
1723663045342,sell,58817.1,0.00597
1723663045342,sell,58816.36,0.00042
1723663045342,sell,58816.22,0.00967
1723663045342,sell,58816.22,0.00033
1723663045342,sell,58816.0,0.01967
1723663045342,sell,58816.0,0.04762
1723663045342,sell,58815.72,0.0002
1723663045342,sell,58814.8,0.03218
1723663045349,sell,58814.8,0.00018
1723663045410,buy,58814.81,0.00136
1723663045469,buy,58814.81,0.0001
1723663046060,buy,58814.81,9e-05
1723663046274,sell,58814.8,0.02
1723663046274,sell,58814.8,0.04
1723663046274,sell,58814.8,0.08
1723663046274,sell,58814.8,0.04506
1723663046274,sell,58814.35,0.00027
1723663046274,sell,58814.34,0.01002
1723663046274,sell,58813.34,0.00027
1723663046274,sell,58813.33,0.33998
1723663046274,sell,58812.73,0.00042
1723663046274,sell,58812.0,0.09154
1723663046274,sell,58811.99,0.01697
1723663046274,sell,58811.96,0.05107
1723663046275,sell,58811.2,0.00597
1723663046275,sell,58810.0,0.0024
1723663046275,sell,58808.46,9e-05
1723663046275,sell,58808.25,0.00598
1723663046275,sell,58808.11,0.00036
1723663046275,sell,58808.0,0.00135
1723663046275,sell,58807.54,0.00042
1723663046275,sell,58807.0,0.0679
1723663046275,sell,58806.99,0.02012
1723663046277,sell,58806.12,9e-05
1723663046278,sell,58806.12,9e-05
1723663046278,sell,58806.12,0.03331
1723663046278,sell,58806.12,0.00233
1723663046279,sell,58805.44,9e-05
1723663046279,sell,58805.43,0.00114
1723663046279,sell,58805.37,0.01
1723663046279,sell,58805.3,0.00598
1723663046279,sell,58804.6,0.00042
1723663046322,sell,58804.16,0.00021
1723663046329,sell,58804.16,0.00039
1723663046329,sell,58804.16,0.00039
1723663046329,sell,58804.16,0.00039
1723663046329,sell,58804.16,0.00039
1723663046329,sell,58804.16,0.00039
1723663046329,sell,58804.16,0.00039
1723663046329,sell,58804.16,0.00039
1723663046329,sell,58804.16,0.00039
1723663046329,sell,58804.16,0.00039
1723663046329,sell,58804.16,0.00039
1723663046329,sell,58804.16,0.00039
1723663046330,sell,58804.16,0.00039
1723663046330,sell,58804.16,0.00039
1723663046330,sell,58804.16,0.00039
1723663046330,sell,58804.16,0.00039
1723663046330,sell,58804.16,0.00039
1723663046341,sell,58804.16,0.00042
1723663046356,sell,58804.16,0.08
1723663046480,buy,58804.17,0.00043
1723663046481,buy,58804.17,0.00037
1723663046481,buy,58804.17,0.00025
1723663046483,buy,58804.17,0.00036
1723663046486,buy,58804.17,0.00039
1723663046499,buy,58804.17,0.00046
1723663046503,buy,58804.17,0.00042
1723663046503,buy,58804.17,0.00048
1723663046506,buy,58804.17,0.00046
1723663046507,buy,58804.17,0.00048
1723663046507,buy,58804.17,0.0002
1723663046508,buy,58804.17,0.00046
1723663046512,buy,58804.17,0.00041
1723663046517,buy,58804.17,0.00044
1723663046522,buy,58804.17,0.00029
1723663046544,sell,58804.0,0.00027
1723663046544,sell,58804.0,0.00027
1723663046544,sell,58804.0,0.00027
1723663046544,sell,58804.0,0.00027
1723663046544,sell,58804.0,0.00027
1723663046544,sell,58800.0,0.00027
1723663046589,buy,58800.01,0.1117
1723663046966,sell,58800.0,0.00217
1723663046966,sell,58799.9,0.00027
1723663046966,sell,58799.89,0.00079
1723663046966,sell,58796.59,0.00027
1723663047001,buy,58796.59,0.00033
1723663047018,buy,58796.59,0.00026
1723663047892,sell,58796.58,0.7972
1723663047892,sell,58796.01,0.00027
1723663047892,sell,58796.0,0.00129
1723663047892,sell,58793.01,0.00027
1723663047892,sell,58793.0,0.0679
1723663047892,sell,58792.98,0.01642
1723663047892,sell,58792.84,0.00042
1723663047892,sell,58792.4,0.00042
1723663047892,sell,58792.01,0.00027
1723663047892,sell,58792.0,0.0912
1723663047892,sell,58791.58,0.09352
1723663047892,sell,58791.18,0.00596
1723663047892,sell,58790.55,0.00598
1723663047892,sell,58789.96,0.01387
1723663047894,sell,58789.9,9e-05
1723663047894,sell,58789.9,9e-05
1723663047894,sell,58789.9,9e-05
1723663047894,sell,58789.52,9e-05
1723663047920,buy,58789.53,0.00021
1723663048086,sell,58789.52,0.017
1723663048182,buy,58789.53,0.0002
1723663048507,buy,58789.53,0.00026
1723663048548,buy,58789.53,0.0051
1723663048938,buy,58789.53,0.00013
1723663049608,sell,58789.52,0.00022
1723663049993,sell,58789.52,0.00011
1723663050246,buy,58789.53,0.00026
1723663050249,buy,58789.53,0.00042
1723663050519,buy,58789.53,0.00018
1723663050973,sell,58789.52,0.41338
1723663050973,sell,58789.52,0.07718
1723663050973,sell,58789.52,0.0235
1723663050973,sell,58789.52,0.09059
1723663050973,sell,58789.07,0.00027
1723663050973,sell,58788.65,0.00027
1723663050973,sell,58788.64,0.05032
1723663050977,sell,58788.64,0.00967
1723663050977,sell,58788.64,0.07803
1723663050977,sell,58788.24,0.00167
1723663050977,sell,58788.0,0.00167
1723663050977,sell,58785.59,0.0235
1723663051030,sell,58784.0,0.00027
1723663051031,sell,58784.0,0.00027
1723663051031,sell,58784.0,0.00027
1723663051031,sell,58784.0,0.00027
1723663051031,sell,58784.0,0.00027
1723663051410,buy,58782.63,0.00122
1723663051412,buy,58782.63,0.00035
1723663051420,buy,58782.63,0.22195
1723663051760,buy,58782.63,0.00036
1723663052154,buy,58782.63,0.00169
1723663052477,buy,58782.63,0.00354
1723663052633,buy,58782.63,0.00034
1723663052687,sell,58782.62,0.1723
1723663052701,sell,58781.53,0.00027
1723663052701,sell,58781.52,0.001
1723663052711,sell,58780.01,0.00018
1723663052759,sell,58780.01,9e-05
1723663052760,sell,58780.0,0.25986
1723663052761,sell,58780.0,0.61859
1723663052763,sell,58780.0,0.86169
1723663052764,sell,58780.0,0.08677
1723663052767,sell,58780.0,0.02479
1723663052768,sell,58780.0,0.08507
1723663052768,sell,58780.0,0.0178
1723663052768,sell,58780.0,0.01345
1723663052769,sell,58780.0,0.03198
1723663052774,sell,58777.76,0.00042
1723663052789,sell,58777.44,9e-05
1723663052795,sell,58777.43,0.01
1723663052823,sell,58776.0,0.00135
1723663052826,sell,58773.34,0.0005
1723663052981,sell,58772.0,0.00235
1723663052994,buy,58768.01,0.00022
1723663052994,buy,58768.01,0.00022
1723663052995,buy,58768.01,0.00022
1723663052999,buy,58768.01,0.00022
1723663052999,buy,58768.01,0.00022
1723663052999,buy,58768.01,0.00022
1723663053000,buy,58768.01,0.00022
1723663053011,buy,58768.01,0.00026
1723663053015,buy,58768.01,0.00041
1723663053015,buy,58768.01,0.00047
1723663053016,buy,58768.01,0.00022
1723663053017,buy,58768.01,0.00045
1723663053017,buy,58768.01,0.00046
1723663053018,buy,58768.01,0.00047
1723663053019,buy,58768.01,0.00049
1723663053019,buy,58768.01,0.00048
1723663053019,buy,58768.01,0.00043
1723663053019,buy,58768.01,0.00067
1723663053020,buy,58768.01,0.00048
1723663053020,buy,58768.01,0.00048
1723663053021,buy,58768.01,0.00045
1723663053022,buy,58768.01,0.00043
1723663053022,buy,58768.01,0.0005
1723663053022,buy,58768.01,0.00022
1723663053022,buy,58768.01,0.00023
1723663053022,buy,58768.01,0.00022
1723663053023,buy,58768.01,0.00047
1723663053024,buy,58768.01,0.00025
1723663053025,buy,58768.01,0.00048
1723663053025,buy,58768.01,0.00042
1723663053026,buy,58768.01,0.0004
1723663053026,buy,58768.01,0.00042
1723663053029,buy,58768.01,0.00039
1723663053030,buy,58768.01,0.00048
1723663053041,buy,58768.01,0.00063
1723663053045,buy,58768.01,0.00072
1723663053045,buy,58768.01,0.00068
1723663053048,buy,58768.01,0.00063
1723663053049,buy,58768.01,0.00058
1723663053055,buy,58768.01,0.00048
1723663053060,buy,58768.01,0.00047
1723663053066,buy,58768.01,0.00063
1723663053071,buy,58768.01,0.00067
1723663053072,buy,58768.01,0.00072
1723663053073,buy,58768.01,0.00058
1723663053084,buy,58768.01,0.00034
1723663053093,buy,58768.01,0.00033
1723663053109,buy,58768.01,0.29586
1723663053275,sell,58768.0,0.0006
1723663053343,buy,58768.01,0.21789
1723663053343,buy,58768.02,0.02252
1723663053369,buy,58768.02,0.17229
1723663053369,buy,58769.31,0.00027
1723663053400,buy,58769.32,9e-05
1723663053613,buy,58769.32,0.00034
1723663053616,buy,58769.32,0.35368
1723663053619,buy,58769.32,0.00018
1723663053621,buy,58770.0,9e-05
1723663053647,buy,58770.0,0.00955
1723663054258,buy,58770.0,0.00034
1723663054308,buy,58770.0,0.00051
1723663054382,buy,58770.0,0.00034
1723663054395,buy,58770.0,0.00026
1723663054808,sell,58769.99,0.0002
1723663055798,buy,58770.0,0.07399
1723663055799,buy,58770.0,0.15054
1723663055799,buy,58770.04,0.00052
1723663055801,buy,58771.99,0.00027
1723663055801,buy,58773.54,0.00596
1723663055801,buy,58773.88,0.005
1723663055801,buy,58773.88,0.00979
1723663055801,buy,58773.88,0.00979
1723663055801,buy,58773.88,0.00095
1723663055801,buy,58773.91,0.00027
1723663055801,buy,58773.92,0.02291
1723663055801,buy,58773.92,9e-05
1723663055802,buy,58773.92,0.05887
1723663055871,buy,58774.84,0.0001
1723663055871,buy,58774.99,0.00027
1723663055880,buy,58775.0,0.26469
1723663055884,buy,58776.0,9e-05
1723663055888,buy,58776.0,0.00024
1723663055892,buy,58776.48,0.00018
1723663055902,buy,58776.61,9e-05
1723663055902,buy,58777.21,9e-05
1723663055904,buy,58777.7,9e-05
1723663055904,buy,58777.7,9e-05
1723663056170,buy,58778.0,0.086
1723663056172,buy,58778.0,0.00094
1723663056172,buy,58778.0,0.00094
1723663056172,buy,58778.0,0.00094
1723663056172,buy,58778.0,0.00088
1723663056172,buy,58780.0,6e-05
1723663056172,buy,58780.0,0.00045
1723663056172,buy,58780.7,0.00036
1723663056172,buy,58781.07,0.00013
1723663056173,buy,58781.07,0.00029
1723663056173,buy,58781.77,0.00065
1723663056519,buy,58782.0,0.06604
1723663056522,buy,58782.0,0.00054
1723663056570,buy,58782.0,0.02312
1723663056570,buy,58782.36,0.00018
1723663056570,buy,58783.99,0.00027
1723663056694,sell,58783.99,0.00012
1723663056818,sell,58783.99,0.0005
1723663057219,buy,58784.0,0.00032
1723663057719,sell,58783.99,0.01383
1723663058406,buy,58784.0,0.00015
1723663058482,buy,58784.0,0.00085
1723663059701,buy,58784.0,0.00034
1723663060427,buy,58784.0,0.00105
1723663061464,sell,58783.99,0.01
1723663061583,sell,58783.99,0.00753
1723663062382,buy,58784.0,0.00036
1723663062443,buy,58784.0,0.00147
1723663062589,buy,58784.0,0.0003
1723663062824,buy,58784.0,0.00013
1723663062937,buy,58784.0,0.00015
1723663063602,sell,58783.99,0.00221
1723663063702,sell,58783.99,0.00088
1723663064338,buy,58784.0,0.00017
1723663064572,buy,58784.0,0.00151
1723663064588,buy,58784.0,0.00265
1723663065948,sell,58783.99,0.06115
1723663066282,sell,58783.99,0.00901
1723663066614,sell,58783.99,0.00085
1723663067167,buy,58784.0,0.58959
1723663067168,buy,58784.0,0.0764
1723663067168,buy,58784.0,0.01547
1723663067168,buy,58784.0,0.282
1723663067168,buy,58784.0,0.01293
1723663067169,buy,58784.0,0.02534
1723663067169,buy,58785.29,0.00027
1723663067169,buy,58785.3,0.00596
1723663067172,buy,58786.95,9e-05
1723663067186,buy,58786.99,9e-05
1723663067262,buy,58788.0,0.06548
1723663067276,buy,58788.0,0.02422
1723663067276,buy,58788.23,0.00027
1723663067276,buy,58788.24,0.00614
1723663067276,buy,58789.21,0.00042
1723663067276,buy,58789.42,0.0001
1723663067276,buy,58789.99,0.00027
1723663067310,buy,58791.17,0.00018
1723663067311,buy,58791.18,9e-05
1723663067326,buy,58791.99,0.00018
1723663067327,buy,58792.0,0.00019
1723663067327,buy,58792.0,0.00019
1723663067328,buy,58792.0,0.00014
1723663067328,buy,58792.83,5e-05
1723663067328,buy,58792.83,0.00019
1723663067328,buy,58792.83,0.00018
1723663067328,buy,58793.33,1e-05
1723663067515,buy,58793.34,0.00015
1723663067563,buy,58793.34,0.06059
1723663067567,buy,58793.34,0.08665
1723663067571,buy,58793.34,0.00018
1723663067597,buy,58793.34,0.07535
1723663067597,buy,58794.38,0.00027
1723663067597,buy,58794.39,0.00982
1723663067599,buy,58794.39,9e-05
1723663067599,buy,58794.39,9e-05
1723663067599,buy,58796.7,9e-05
1723663067599,buy,58796.7,9e-05
1723663067599,buy,58796.7,9e-05
1723663067599,buy,58796.7,9e-05
1723663067599,buy,58797.06,9e-05
1723663067676,buy,58797.06,0.02937
1723663067676,buy,58797.99,0.00027
1723663067702,sell,58797.99,0.00118
1723663067759,buy,58798.71,9e-05
1723663067759,buy,58798.71,9e-05
1723663067759,buy,58798.71,9e-05
1723663067759,buy,58798.71,9e-05
1723663067759,buy,58798.71,6e-05
1723663067759,buy,58800.0,3e-05
1723663067791,buy,58800.0,0.00623
1723663067814,buy,58801.81,0.00018
1723663067866,buy,58801.82,0.00022
1723663067866,buy,58801.82,0.00022
1723663067866,buy,58801.82,0.00022
1723663067866,buy,58801.82,0.00022
1723663067866,buy,58801.82,0.00022
1723663067866,buy,58801.82,1e-05
1723663067866,buy,58802.0,0.00021
1723663067867,sell,58801.99,0.00022
1723663068063,buy,58802.11,0.00018
1723663068063,buy,58802.11,0.00018
1723663068063,buy,58802.11,0.00018
1723663068063,buy,58802.11,0.00018
1723663068063,buy,58802.11,0.00018
1723663068064,buy,58802.94,0.00018
1723663068076,buy,58802.94,0.00578
1723663068076,buy,58803.99,0.00027
1723663068076,buy,58804.0,0.00072
1723663068076,buy,58804.59,0.00042
1723663068076,buy,58805.09,0.00042
1723663068076,buy,58805.76,0.00018
1723663068076,buy,58805.99,0.00027
1723663068189,buy,58806.0,0.00036
1723663068189,buy,58808.0,0.00013
1723663068189,buy,58808.0,0.00049
1723663068189,buy,58808.0,0.00049
1723663068189,buy,58808.0,0.00036
1723663068189,buy,58808.97,0.00013
1723663068189,buy,58808.97,0.00027
1723663068189,buy,58809.63,0.00022
1723663068189,buy,58809.63,0.00018
1723663068189,buy,58810.0,0.00031
1723663068429,sell,58809.99,0.02
1723663069161,buy,58810.0,0.00026
1723663069286,buy,58810.0,0.0085
1723663069789,buy,58810.0,0.00624
1723663070731,sell,58809.99,0.0002
1723663070790,buy,58810.0,0.00624
1723663072975,buy,58810.0,0.00013
1723663073126,sell,58809.99,0.00025
1723663073128,buy,58810.0,0.00025
1723663073233,sell,58809.99,0.00025
1723663073234,buy,58810.0,0.00025
1723663073339,sell,58809.99,0.00025
1723663073340,buy,58810.0,0.00025
1723663073445,sell,58809.99,0.00025
1723663073446,buy,58810.0,0.00025
1723663073467,buy,58810.0,0.00093
1723663073583,sell,58809.99,0.00097
1723663073738,buy,58810.0,0.00026
1723663073750,buy,58810.0,0.00026
1723663073792,buy,58810.0,0.01664
1723663074027,buy,58810.0,0.00965
1723663074027,buy,58810.01,0.01385
1723663074066,buy,58810.01,0.13827
1723663074070,buy,58810.01,0.08798
1723663074081,buy,58810.01,0.07289
1723663074081,buy,58810.03,0.00027
1723663074081,buy,58810.04,0.00167
1723663074081,buy,58810.04,0.00018
1723663074094,buy,58811.78,0.00018
1723663074101,buy,58814.0,9e-05
1723663074107,buy,58815.02,0.00018
1723663074139,buy,58815.03,9e-05
1723663074171,buy,58815.03,0.0004
1723663074178,buy,58815.03,0.00951
1723663074178,buy,58816.0,0.00032
1723663074178,buy,58816.35,0.00042
1723663074178,buy,58816.37,0.00027
1723663074739,buy,58816.38,0.00016
1723663075558,buy,58816.38,0.85361
1723663075710,buy,58816.38,0.0006
1723663075792,buy,58816.38,0.01665
1723663076330,buy,58816.38,0.00794
1723663076534,buy,58816.38,0.007
1723663076553,buy,58816.38,9e-05
1723663076554,buy,58816.38,7e-05
1723663076580,buy,58816.39,0.03874
1723663076580,buy,58816.41,0.00027
1723663076580,buy,58816.42,0.00049
1723663076580,buy,58817.54,0.00018
1723663076580,buy,58817.76,0.00042
1723663076580,buy,58817.99,0.00027
1723663076792,buy,58818.0,0.01665
1723663076817,buy,58818.78,9e-05
1723663076844,buy,58818.78,0.01807
1723663077051,buy,58818.78,0.00026
1723663077171,buy,58818.78,0.023
1723663077276,buy,58818.78,0.00017
1723663077299,sell,58818.77,0.00373
1723663077416,sell,58818.77,0.00024
1723663077491,buy,58818.78,0.09636
1723663077493,buy,58821.34,9e-05
1723663077497,buy,58821.38,0.00018
1723663077498,buy,58822.0,9e-05
1723663077586,buy,58822.03,9e-05
1723663077586,buy,58822.03,1e-05
1723663077586,buy,58823.43,8e-05
1723663077586,buy,58823.43,9e-05
1723663077586,buy,58823.43,1e-05
1723663077586,buy,58824.5,8e-05
1723663077596,buy,58824.59,0.0001
1723663077597,buy,58824.6,9e-05
1723663077597,buy,58824.71,0.00027
1723663077692,buy,58824.72,0.0236
1723663077788,buy,58825.42,0.0004
1723663077788,buy,58825.42,0.0004
1723663077788,buy,58825.42,0.0004
1723663077788,buy,58825.42,0.0004
1723663077788,buy,58825.42,0.0004
1723663077788,buy,58828.0,0.0004
1723663077881,buy,58828.0,0.02372
1723663077881,buy,58829.4,0.00018
1723663077881,buy,58829.76,0.00042
1723663077881,buy,58829.99,0.00027
1723663078438,buy,58830.0,0.00031
1723663078438,buy,58830.0,0.00031
1723663078439,buy,58830.0,0.00031
1723663078440,buy,58830.0,0.0003
1723663078440,buy,58830.0,0.00031
1723663078440,buy,58830.0,0.0003
1723663078441,buy,58830.0,0.0003
1723663078442,buy,58830.0,0.0003
1723663078618,sell,58829.99,0.0017
1723663080137,buy,58830.0,0.00016
1723663080326,sell,58829.99,0.0183
1723663080326,sell,58829.99,0.08496
1723663080326,sell,58829.99,0.04283
1723663080327,sell,58829.99,0.08496
1723663080327,sell,58829.99,0.47743
1723663080327,sell,58829.99,0.01049
1723663080327,sell,58829.99,0.1912
1723663080327,sell,58829.99,0.13113
1723663080327,sell,58829.99,0.2585
1723663080327,sell,58829.99,0.32185
1723663080327,sell,58829.99,0.06215
1723663080327,sell,58829.99,0.01515
1723663080327,sell,58829.99,0.05195
1723663080329,sell,58829.99,0.01964
1723663080382,sell,58829.99,0.15156
1723663080382,sell,58829.98,0.03397
1723663080382,sell,58828.06,0.0001
1723663080382,sell,58828.0,0.00063
1723663080382,sell,58827.99,0.03998
1723663080388,sell,58827.99,0.00014
1723663080388,sell,58827.99,0.00014
1723663080388,sell,58827.99,0.00014
1723663080388,sell,58827.99,0.00014
1723663080388,sell,58827.99,6e-05
1723663080388,sell,58826.28,8e-05
1723663080388,sell,58826.28,2e-05
1723663080388,sell,58826.0,0.00012
1723663080636,buy,58826.01,0.0034
1723663080902,sell,58826.0,0.0007
1723663080904,sell,58825.98,9e-05
1723663080904,sell,58825.01,0.00031
1723663080904,sell,58825.01,0.0004
1723663080904,sell,58825.01,0.00039
1723663080904,sell,58824.92,1e-05
1723663080904,sell,58824.92,0.0004
1723663080904,sell,58824.92,0.0004
1723663080904,sell,58824.92,9e-05
1723663080904,sell,58824.12,0.00031
1723663080913,sell,58824.01,0.00018
1723663080913,sell,58824.0,9e-05
1723663080938,sell,58824.0,0.00016
1723663080938,sell,58824.0,0.00016
1723663080938,sell,58824.0,0.00016
1723663080938,sell,58824.0,0.00016
1723663080938,sell,58824.0,0.00016
1723663080938,sell,58824.0,3e-05
1723663080938,sell,58823.87,0.00013
1723663080955,sell,58822.03,0.00018
1723663080955,sell,58820.5,9e-05
1723663080963,sell,58820.0,0.00054
1723663080964,sell,58820.0,0.00054
1723663080964,sell,58820.0,0.00054
1723663080964,sell,58820.0,0.00054
1723663080964,sell,58820.0,0.00011
1723663080964,sell,58818.76,0.00043
1723663080975,sell,58818.76,0.00068
1723663080976,sell,58818.76,0.00068
1723663080976,sell,58818.76,0.00068
1723663080976,sell,58818.76,0.00068
1723663080976,sell,58818.76,0.00067
1723663080976,sell,58818.22,1e-05
1723663081051,buy,58818.23,0.00053
1723663081186,sell,58816.39,0.00027
1723663081277,sell,58816.38,0.01407
1723663081277,sell,58816.37,0.00035
1723663081277,sell,58816.01,0.00027
1723663081277,sell,58816.0,0.00135
1723663081282,sell,58814.01,0.00018
1723663081283,sell,58813.99,9e-05
1723663081283,sell,58812.05,0.00027
1723663081285,sell,58812.04,9e-05
1723663081285,buy,58812.05,0.001
1723663081326,sell,58812.0,9e-05
1723663081338,buy,58812.01,0.01404
1723663081339,sell,58812.0,0.00037
1723663081339,sell,58812.0,0.00037
1723663081339,sell,58812.0,0.00037
1723663081339,sell,58812.0,0.00015
1723663081339,sell,58811.65,0.00018
1723663081339,sell,58810.23,4e-05
1723663081339,sell,58810.23,0.00037
1723663081339,sell,58810.23,1e-05
1723663081339,sell,58810.0,0.00036
1723663081345,sell,58810.0,0.00064
1723663081349,sell,58809.99,9e-05
1723663081463,buy,58810.0,0.00023
1723663081635,sell,58809.99,0.00567
1723663081766,buy,58810.0,0.12
1723663081874,buy,58810.0,0.002
1723663081895,buy,58810.0,0.12
1723663082076,buy,58810.0,0.12
1723663082268,buy,58810.0,0.12
1723663082436,buy,58810.0,0.0002
1723663082451,buy,58810.0,0.01351
1723663082759,sell,58809.99,0.00133
1723663082795,buy,58810.0,0.00034
1723663083039,sell,58809.99,0.0003
1723663083557,sell,58809.99,0.05224
1723663085341,buy,58810.0,0.0017
1723663088491,sell,58809.99,0.00128
1723663089189,sell,58809.99,0.00629
1723663089789,buy,58810.0,0.00087
1723663090185,sell,58809.99,0.0003
1723663090185,sell,58809.99,0.17052
1723663090185,sell,58809.99,0.03045
1723663090185,sell,58809.99,0.03322
1723663090185,sell,58809.99,0.08358
1723663090185,sell,58809.99,0.0676
1723663090185,sell,58809.97,0.00374
1723663090185,sell,58809.95,0.00091
1723663090224,buy,58808.01,0.00033
1723663090238,buy,58808.01,0.00374
1723663090243,sell,58808.0,0.00216
1723663090246,sell,58806.16,0.0001
1723663090252,sell,58804.54,0.0005
1723663090258,sell,58804.52,9e-05
1723663090289,sell,58804.0,0.00202
1723663090289,sell,58802.35,0.00598
1723663090289,sell,58801.66,0.00042
1723663090289,sell,58800.02,0.0034
1723663090750,buy,58800.01,0.00017
1723663090995,buy,58800.01,0.03073
1723663091215,buy,58800.01,0.51891
1723663091215,buy,58800.01,0.24541
1723663091221,buy,58800.05,9e-05
1723663091224,buy,58800.05,0.00017
1723663091224,buy,58800.05,0.00017
1723663091224,buy,58800.05,0.00017
1723663091224,buy,58800.05,0.00015
1723663091224,buy,58801.99,2e-05
1723663091246,buy,58801.99,9e-05
1723663091246,buy,58801.99,9e-05
1723663091246,buy,58801.99,9e-05
1723663091247,buy,58801.99,9e-05
1723663091247,buy,58802.0,9e-05
1723663091281,buy,58805.29,9e-05
1723663091285,buy,58805.29,9e-05
1723663091307,buy,58805.3,9e-05
1723663091331,buy,58805.3,0.00589
1723663091331,buy,58805.76,0.00018
1723663091331,buy,58805.86,0.04541
1723663091334,buy,58805.86,0.00018
1723663091498,buy,58805.86,0.00036
1723663091498,buy,58805.87,2e-05
1723663091498,buy,58805.88,9e-05
1723663091500,buy,58805.88,9e-05
1723663091508,buy,58805.99,0.00018
1723663091519,buy,58805.99,9e-05
1723663091660,sell,58805.99,0.00317
1723663092426,buy,58806.0,0.00042
1723663092773,sell,58805.99,0.02055
1723663093040,sell,58805.99,0.00073
1723663093188,sell,58805.98,0.05914
1723663093188,sell,58805.86,9e-05
1723663093188,sell,58805.85,0.00189
1723663093188,sell,58805.3,0.00036
1723663093188,sell,58804.0,0.0006
1723663093188,sell,58802.36,9e-05
1723663093188,sell,58802.35,0.00598
1723663093188,sell,58802.34,9e-05
1723663093241,sell,58802.0,9e-05
1723663093277,sell,58800.12,9e-05
1723663093289,sell,58800.12,0.0235
1723663093289,sell,58800.01,9e-05
1723663093479,buy,58800.01,0.07026
1723663093959,buy,58800.01,0.00093
1723663094892,sell,58800.0,0.0235
1723663094892,sell,58800.0,0.068
1723663094893,sell,58800.0,0.03762
1723663094893,sell,58800.0,0.0493
1723663094895,sell,58800.0,0.0446
1723663094895,sell,58800.0,0.03175
1723663094895,sell,58799.97,9e-05
1723663094895,sell,58799.96,0.00185
1723663094898,sell,58798.23,0.00042
1723663094898,sell,58798.01,9e-05
1723663094990,sell,58796.0,0.00217
1723663094994,sell,58792.01,0.00018
1723663095027,sell,58792.0,9e-05
1723663097640,buy,58792.01,0.00096
1723663097993,buy,58792.01,0.02591
1723663097993,buy,58792.01,0.07124
1723663097994,buy,58792.99,0.00027
1723663097994,buy,58794.12,0.00018
1723663097994,buy,58794.19,0.12908
1723663097994,buy,58794.19,0.05615
1723663097994,buy,58794.19,0.13006
1723663098018,buy,58795.35,0.00027
1723663098018,buy,58797.17,9e-05
1723663098033,buy,58797.17,1e-05
1723663098033,buy,58797.66,0.00018
1723663098033,buy,58797.66,0.00012
1723663098033,buy,58797.83,7e-05
1723663098033,buy,58797.83,0.00019
1723663098033,buy,58797.83,0.00019
1723663098033,buy,58797.83,0.00019
1723663098033,buy,58797.83,0.00019
1723663098033,buy,58797.83,0.00011
1723663098033,buy,58798.0,8e-05
1723663098069,buy,58798.0,0.01807
1723663098086,buy,58798.0,0.01807
1723663098114,buy,58798.41,9e-05
1723663098135,buy,58798.41,0.02543
1723663098137,buy,58798.49,0.00024
1723663098137,buy,58798.49,0.00024
1723663098137,buy,58798.49,0.00024
1723663098137,buy,58798.49,0.00024
1723663098137,buy,58798.49,0.00015
1723663098137,buy,58799.06,9e-05
1723663098137,buy,58799.06,1e-05
1723663098137,buy,58800.0,0.00023
1723663098352,buy,58800.01,9e-05
1723663098392,buy,58800.01,0.05186
1723663098392,buy,58800.99,0.00027
1723663098396,buy,58801.99,0.00018
1723663098407,buy,58801.99,9e-05
1723663098455,buy,58802.0,0.00306
1723663098658,buy,58803.5,9e-05
1723663098663,buy,58803.77,0.00027
1723663098663,buy,58803.78,0.00042
1723663098663,buy,58803.98,0.00027
1723663098864,buy,58804.04,0.00089
1723663098864,buy,58804.04,3e-05
1723663098864,buy,58805.76,0.00018
1723663098864,buy,58805.99,0.00068
1723663098864,buy,58805.99,0.00089
1723663098864,buy,58805.99,0.00089
1723663098864,buy,58805.99,0.00088
1723663098864,buy,58806.0,1e-05
1723663100138,sell,58805.99,0.00512
1723663100847,buy,58806.0,0.00017
1723663102106,buy,58806.0,0.00059
